CONTO,R_SOC,R_SOC2,IND,CAP,LOC,PV,NAZIONE,MEMO_CF,P_FISICA,CF_ESTERO,CF_CEE,CF_ELENCHI_IVA_ON,CF_BLACK_LIST_ON,CFIS,P_IVA,IVA,DICH_IVA,SCAD_DICH_IVA,TELEFONO,TELEX,TELEFAX,R_SOC_O,R_SOC2_O,IND_O,CAP_O,LOC_O,PV_O,NAZIONE_O,VALUTA,SPEDIZIONE,PAGAMENTO,BANCA,AGZ_BANCA,CAB,CIRCUITO,TIPO_PRES,BANCA_F,AGZ_BANCA_F,CAB_F,C_CORRENTE,IBAN,ZONA,NOTE_CF_1,NOTE_CF_2,SETTORE,CATEGORIA,GRUPPO,MERCATO_CF,VOLUME_ACQ_RIF,TITOLARE,RESP_COMM,RESP_TEC,MAIL_TITOLARE,MAIL_RESP_COMM,MAIL_RESP_TEC,NS_CODICE,RESA,COD_RESA,CHIUSO_IL,NAZIONE_L,LINGUA_ART1,LINGUA_ART2,STAMPA_770,REG_AGEVOLATO_RA,IS_AGENTE,CAU_PAG_CU15_STD,CATEGORIA_CU15,C_MERCI_FOR,CC_MERCI_FOR,BLOCCO_ORDINI,BLOCCO_CONS,SBLOCCO_ART,DATA_INS
1 26022342,CARPANESE ANTONIO & FIGLI SNC,di Carpanese Antonio,Via L.Einaudi 31,35030,SACCOLONGO,PD,,1 CARPANES,N,I,N,S,S,00039510284,00039510284,,,,0498016245,,0498019483,,,,,,,,,1 VS,R6FAD,08728,SELVAZZANO,62890,,,08843,Ag Selvazzano D.,62890,129431,,0,,,ASL4,,,,0,,,,,,,,,,,,I,,N,N,S,,,,,N,N,N,20020709
1 26023482,THECNOS di Grigoletto Angelo,Antonio,"Via Trentino, 20",30010,LIETTOLI DI CAMPOLONGO MAGG.RE,VE,,1 THECNOS,N,I,N,S,S,GRGNGL63C23B546V,02347310274,,,,049 9790719,,049 9794371,,,,,,,,,1 VS,R9FAD,06225,TENCAROLA,62891,,,06345,CAMPOLONGO MAGGIORE,36000,,,,,,ASL4,,,,0,,,,,,,,,,,,I,,N,N,N,,,,,N,N,N,20001011
1 26023518,STEELNOVA srl,,"Via I Maggio,-Trav.1.15",25035,OSPITALETTO,BS,,1 STEELNOV,N,I,N,S,S,02010220982,02010220982,,,,030/643314,,030/643304,,,,,,,,,1 VS,BB6,06225,TENCAROLA,62891,,,05696,,54870,2909/32,,,,,ASL1,,,,0,,,,,,,,,,lineaenos@lineaenos.com,,I,,N,N,N,,,,,N,N,N,20010115
1 26023042,POLYMERLAND srl,USARE CODICE 26023438,Via Ca Treviglio 4,21040,Pontirolo Nuovo,BG,,,N,I,N,S,S,,02577430164,,,,0363-3331,,0363-330466,,,,,,,,,1 VS,R9FAD,01030,Ag. 328 Brusegana,12125,,,06070,CANONICA D'ADDA,52740,1800/1,,,VARIATA RAGIONE SOCIALE E PARTITA IVA,,AMP3,,,,0,,,,,,,,,,,,I,,N,N,N,,,,,S,S,N,19971218
1 26023277,-ELITE S.N.C.,DI ILARIO BRESCIANI & C.,"Via Montini, 13-15",25070,SABBIO CHIESE,BS,,1 ELIT,N,I,N,S,S,00975870171,00593400989,,,,0365825036,,0365825038,,,,,,,,,1 VS,R6FAD,06225,TENCAROLA,62891,,,,,,,,,,,ACL1,,,,0,,,,,,,,FRANCO,,**,,I,,N,N,N,,,,,N,N,N,19990518
1 26023574,ALTAIR srl,,"Via Roma, 206",35010,S. GIORGIO DELLE PERTICHE,PD,,1 ALTAIR,N,I,N,S,S,02404410280,02404410280,,,,049/9370020,,049/9370021,,,,,,,,,1 VS,R6FAD,06225,TENCAROLA,62891,,,,,,,,,RADIOMOBILE 0337/498543,,CCO0,,,,0,,,,,,,,,,,,I,,N,N,N,,,,,N,N,N,20010406
1 26031042,COCCHI GIOVANNI Rappresentanze,,Via di Novoli 5,50127,FIRENZE,,,1 AG/42,S,I,S,S,S,CCCGNN39L22G713F,01356940484,,,,055/330715,,055/330715,,,,,,,,,1 UN,BB3RA,,,,,,03002,Firenze 8,02803,5488/39,,,,,CCO0,,,,0,,,,,,,,FRANCO,,,,I,,S,N,S,,,,,N,N,N,
1 26023249,-PROMOSEAL S.R.L.,,VIA SVIZZERA 9,35127,CAMIN-PADOVA,PD,,1 PROMO,N,I,N,S,S,11681950157,03471630289,,,,0498071659,,0498075893,,,,,,,,,1 VS,R6FAD,01030,Ag. 328 Brusegana,12125,,,,,,,,,,,BMC2,,,,0,,,,,,,,,,,,I,,N,N,N,,,,,N,N,N,19990331
1 26022956,LORENZO INVERNIZZI SRL,,Via Prealpi 11,20034,GIUSSANO,MI,,1 inverniz,N,I,N,S,S,,01781400138,,,,036233351,,0362332809,,,,,,,,,1 VS,R62FAD,06225,TENCAROLA,62891,,,03069,LECCO,22931,41641/55,,,,,ASL1,,,,0,,,,,,,,,,dir.com@inver.com,,I,,N,N,N,,,,,N,N,N,19970612
1 26023205,METALPLAST SPA,,Via Ponte Albano 16,40037,SASSO MARCONI,BO,,1 metalpla,N,I,N,S,S,01659310286,00494841208,,,,051 6756811,,051 6756890,,,,,,,,,1 VS,R9F,01030,BRUSEGANA,12125,,,06385,AG.MARZABOTTO (BO),36890,07400001968E,W063853689007400001968E,,,,AMP3,,,,0,,,,,,,,,,,,I,,N,N,N,,,,,N,N,N,19981214
1 26024754,CREDEMFACTOR SPA,,VIA E. CHE GUEVARA 4/B,42123,REGGIO EMILIA,RE,,,N,I,N,S,N,01254050352,01254050352,,,,0522 326911,,0522 326000,,,,,,,,,,VF,03032,PADOVA,12100,,,03032,PADOVA,12100,,,,amministrazione@credemfactor.it,,,,,,0,,,,amministrazione@credemfactor.it,,,,,,,,I,,N,N,N,,,,,N,N,N,20151020
1 26023347,SI.COM S.R.L.,,"Via del Commercio-Vicolo I, 2",35036,MONTEGROTTO TERME,PD,,1 SEAL,N,I,N,S,S,00210340287,00210340287,,,,049/8928911,,049/8928980,,,,,,,,,1 VS,R6FAD,06225,TENCAROLA,62891,,,06225,MONTEGROTTO TERME,62680,07400815596L,M,,EX SEAL-ZAINO,,CPR0,,,,0,,,,,,,,,,sealzain@iperv.it,,I,,N,N,N,,,,,N,N,N,19991124
1 26023465,FRISO CLAUDIO,,"Via A. Modigliani, 9",35020,ALBIGNASEGO,PD,,1 FRISOCLA,S,I,N,S,S,FRSCLD47M04A161W,00568220289,,,,049/692090,,049/692090,,,,,,,,,1 VS,R3FAD,06225,TENCAROLA,62891,,,,,,,,,,,BMN4,,,,0,,,,,,,,,,,,I,,N,N,N,,,,,N,N,N,20000725
1 26023337,-NUOVA VM srl,,"Via Collegio Vecchio, 37",41042,FIORANO MODENESE,MO,,1 NUOVAVM,N,I,N,S,S,01778370369,01778370369,,,,0536-832690,,0536-831806,,,,,,,,,1 VS,R6FAD,06225,TENCAROLA,62891,,,05387,AG. VEGGIA (RE)\,66240,5548,,,,,BMN1,,,,0,,A.PINTER 0339/5236164,,,,,,,,nuovavm@nuovavm.it,,I,,N,N,N,,,,,N,N,N,19991110
1 26023497,MECA2 Srl,,"Via Campocroce, 14/8",30037,GARDIGIANO-SCORZE',VE,,1 MECA2,N,I,N,S,S,03244230276,03244230276,,,,041/5830564,,041/5839672,,,,,,,,,1 VS,R6FAD,06225,TENCAROLA,62891,,,,,,,,,,,ACL4,,,,0,,,,,,,,,,,,I,,N,N,N,,,,,N,N,N,20001123
1 26023314,-NEWTON SRL,,Via Del Sorgo 12,30173,MESTRE,VE,,1 NEWTON,N,I,N,S,S,02726110279,02726110279,,,,0415369164,,041612554,,,,,,,,,1 VS,R6FAD,06225,TENCAROLA,62891,,,,,,,,,E-Mail newtonit@tin.it -http://space.tin.it/scienze/tferrazz,,,,,,0,,,,,,,,,,newtonit@tin.it,,I,,N,N,N,,,,,N,N,N,19990906
1 26023567,NEW PLAST DI,MARCHELUZZO SILVIA,"Via Lovolo, 27/B",35030,ROVOLON,PD,,1 NEW,S,I,N,S,S,MRCSLV80P50G224D,03620980288,,,,049/9910651,,049/9910651,,,,,,,,,1 VS,R6F,06225,SACCOLONGO PD,62891,,,08610,VO',63000,200274,,,,,ASL3,,,,0,,,,,,,,,,,,I,,N,N,N,,,,,N,N,N,20010327
1 26023460,-SULZER CHEMTECH ITALIA srl,,"Via Riccardo Lombardi, 19/10",20153,MILANO,,,1 SULZER,N,I,N,S,S,12444690155,12444690155,,,,02/45678402,,02/4597417,,,,,,,,,1 VS,R6FAD,06225,TENCAROLA,62891,,,,,,,,,,,BMN3,,,,0,,,,,,,,,,,,I,,N,N,N,,,,,N,N,N,20000718
1 26023290,-SIMAR PLAST,di Marcheluzzo Loriano,Via Lovolo 27/a,35030,ROVOLON,PD,,1 SIMARPLA,N,I,N,S,S,,03273830285,,,,0499910651,,0499910651,,,,,,,,,1 VS,R6FAD,01030,BRUSEGANA,12125,,,08610,VO',63000,200014,,,,,ASL3,,,,0,,,,,,,,,,**,,I,,N,N,N,,,,,N,N,N,19990609
1 26023270,-BREGA SRL,,"Via Bacchiglione, 1/2",35030,CERVARESE S.CROCE,PD,,1 BREGA,N,I,N,S,S,00376770285,00376770285,,,,049/9915098,,049/9915514,,,,,,,,,1 VS,R9FAD,06225,TENCAROLA,62891,,,08590,CERVARESE SANTA CROCE,63110,2/162700,,,,,ASL1,,,,0,,,,,,,,,,bresgaav@tin.it,,I,,N,N,N,,,,,N,N,N,19990507
1 26023353,-GENERAL STAMPI srl,Stampi per Materie Plastiche,"Via E. Fermi, 28",31044,MONTEBELLUNA,TV,,1 GENERALS,N,I,N,S,S,02211700261,02211700261,,,,0423/601092,,0423/602799,,,,,,,,,1 VS,R6FAD,06225,TENCAROLA,62891,,,05418,FALZE' DI TREVIGNANO,62140,21337,,,,,ASL4,,,,0,,,,,,,,,,,,I,,N,N,N,,,,,N,N,N,19991215
1 26023322,-G.S.M. di Svanera Franco & C.,snc,"Via Sangervasio, 90",25062,CONCESIO,BS,,1 GSM,N,I,N,S,S,02925160174,03524710179,,,,030/2185410,,0302751091,,,,,,,,,1 VS,R62FAD,06225,TENCAROLA,62891,,,05116,CONCESIO,54410,707/9,,,,,ACL1,,,,0,,,,,,,,,,,,I,,N,N,N,,,,,N,N,N,19991006
1 26023388,LAIFER di Miotto Luigi,,"Via Sandro Pertini, 13",30030,MARTELLAGO,VE,,1 LAIFER,S,I,N,S,S,MTTLGU23L27I551Y,00124520271,,,,041/5402800,,041/5402787,,,,,,,,,1 VS,R6FAD,06225,TENCAROLA,62891,,,06345,AG.11,02025,7682/OE,,,,,ASL4,,,,0,,,,,,,,,,,,I,,N,N,N,,,,,N,N,N,20000218
1 26023199,MECCANICA INGRANAGGI CASANOVA,,"Via Pontevigodarzere, 48",35100,PADOVA,,,1 CASANOVA,N,I,N,S,S,02324520283,02324520283,,,,703905,,703905,,,,,,,,,1 VS,R6FAD,01030,Ag. 328 Brusegana,12125,,,,,,,,,,,BMN2,,,,0,,,,,,,,,,,,I,,N,N,N,,,,,N,N,N,19981201
1 26023241,SCATOLIFICIO LACOR S.R.L.,,"Via Roane, 19",36027,CUSINATI DI ROSA',VI,,1 LACOR,N,I,N,S,S,02679200242,02679200242,,,,0424/868411,,0424/868480,,,,,,,,,1 VS,R9FAD,06225,SACCOLONGO PD,62891,,,06355,ROSSANO VENETO,60700,4349/5/35,,,,,AIM1,,,,0,,,,,,,,,,,,I,,N,N,N,,,,,N,N,N,19990312
1 26023393,MEZZARO OTTORINO,,"Via Vecchia, 8/A",35010,CAMPODORO,PD,,1 MEZZARO,S,I,N,S,S,MZZTRN51P10B531M,01095060289,,,,049/9065403,,049/9065500,,,,,,,,,1 VS,R9FAD,06225,Saccolongo,62891,,,05040,Fil. CAMPODORO,89200,10060/E,,,,,ASL4,,,,0,,,,,,,,,,,,I,,N,N,N,,,,,N,N,N,20000302
1 26023513,ELITE AMBIENTE SRL,,"Via Natta, 13",36040,BRENDOLA,VI,,1 ELITEAMB,N,I,N,S,S,01956070245,01956070245,,,,0444/,,0444/601360,,,,,,,,,1 VS,R3FAD,06225,TENCAROLA,62891,,,,,,,,,,,BMC1,,,,0,,,,,,,,ASSEGNATO,,,,I,,N,N,N,,,,,N,N,N,20001220
1 26022421,TESSITURA LANDINI s.r.l.,,Via Trieste 31,21050,MARNATE,VA,,1 LANDINI,N,I,N,S,S,,00217250125,,,,0331600322,,0331604715,,,,,,,,,1 VS,R62FAD,06225,TENCAROLA,62891,,,06070,AG. GORLA MINORE,50320,2017/1,,,,,BMC1,,,,0,,,,,,,,,,tessituralandini@tin.it,,I,,N,N,N,,,,,N,N,N,20010611
1 26023184,FIS SRL,,Loc. Cearina,25070,MURA,BS,,1 fis,N,I,N,S,S,03612360176,03612360176,,,,0365899115,,0365899088,,,,,,,,,1 VS,R62FAD,06225,TENCAROLA,62891,,,03500,Vestone,55390,8676,,,,,ASL1,,,,0,,,,,,,,,,,,I,,N,N,N,,,,,N,N,N,19981106
1 26021293,GI.PI.EMME di MASSIMO BERSAGLI,O & C. snc,Via Galileo Galilei 1/a,35030,CASELLE DI SELVAZZANO,PD,,1 GIPIEMME,N,I,N,S,S,,02709950287,,,,0498978072,,049 635018,,,,,,,,,1 VS,R6FAD,06225,TENCAROLA,62891,,,03001,Saccolongo,85820,3871/10,,,UFF. e LAB.:* CORRISPON. Via Scapacchio' EST 14 SACCOLONGO,,BMC1,,,,0,,,,,,,,,,gpmsnc@tiscalinet.it,,I,,N,N,N,,,,,N,N,N,20010312
1 26023195,ARICI srl,,"Via Matteotti, 301/303",25063,GARDONE V.T.,BS,,1 ARICI,N,I,N,S,S,01933530980,01933530980,,,,030/832582,,030/8913072,,,,,,,,,1 VS,R6FAD,06225,TENCAROLA,62891,,,05116,GUMBIO,37180,61027/1,,,,,ASL1,,,,0,,,,,,,,,,,,I,,N,N,N,,,,,N,N,N,19981124
1 26021861,COLOR-AUTO SNC,di Targa Giovanni & C.,Via Pelosa 111,35030,CASELLE DI SELVAZZANO,PD,,1 COLORAUT,N,I,N,S,S,01276480280,01276480280,,,,049630007,,049632774,,,,,,,,,1 VS,R12FAD,06225,TENCAROLA,62891,,,05040,Ag.Sarmeola,62790,12617/F,,0,,RACC-TLF scad. Set/Ott a 60 gg - CIRCFOR1.TXT,BMC1,,,,0,,,,,,,,,,,,I,,N,N,N,,,,,N,N,N,20010518
1 26023374,-M.T. sas,,"Via  Venezia,14",30027,SAN DONA' DI PIAVE,VE,,1 MT,N,I,N,S,S,,02336860271,,,,0421/480056,,0421/466563,M.T. SAS,,Via Venezia    Z.I.,30022,CEGGIA,VE,I,,1 VS,R6FAD,01030,Ag. 328 Brusegana,12125,,,08965,AG. CEGGIA,36040,000008010074,,,,,ACL3,,,,0,RB 60 GG.D.F.FM AL 5 DEL MESE,,,,,,,,,,,I,,N,N,N,,,,,N,N,N,20000131
1 26022120,ZAMET TORNERIE S.R.L.,,Via Madonna di Calchere 22/B,25071,AGNOSINE,BS,,1 ZAMET,N,I,N,S,S,01059170173,00599160983,,,,0365896184,,0365897950,,,,,,,,,1 VS,R33FAD,06225,TENCAROLA,62891,,,05116,Agnosine,54000,1363/9,,0,,RACC-TLF scad. Set/Ott a 60 gg - CIRCFOR1.TXT,ASL1,,,,0,Sig.Zanoni Bruno,,,cell.335/5801116,,,,,,info@zamet.com,,I,,N,N,N,,,,,N,N,N,20010626
1 26021390,UNISPECIAL  di Golin Roberta,vedi cod.26023620************,Via DEL LAVORO 51,35010,SALETTO DI VIGODARZERE,PD,,1 UNISPECI,S,I,N,S,S,GLNRRT52L60E592R,01334980289,,,,049767950,,0498840686,,,,,,,,,1 VS,R9FAD,06225,TENCAROLA,62891,,,06225,LIMENA,62610,841325.,,,Revoca dal 01/11/98,VARIATA PARTITA IVA  ora 03525180281,ASL1,,,,0,,,,,,,,,,,,I,,N,N,N,,,,,S,S,N,20010309
1 26023549,INFRAGAS NOVA IMPIANTI snc di,Carnino Gianfranco & C.,"Via Santorre di Santarosa, 32",10040,LEINI,TO,,1 INFRAGAS,N,I,N,S,S,06352480013,06352480013,,,,011/9973971-9973972,,011/9973992,,,,,,,,,1 VS,R6FAD,06225,TENCAROLA,62891,,,03268,Ag. Volpiano,31230,40/01/327759860,,,sig,,BMN1,,,,0,,,,,,,,,,,,I,,N,N,N,,,,,N,N,N,20010305
1 26022341,ITALMASTER  SRL,,Via F.lli Rosselli 27,20027,RESCALDINA,MI,,1 ITALMAST,N,I,N,S,S,,07497030150,,,,02 97241328,,02 97241333,,,,,,,,,1 VS,R6FAD,01030,Ag. 328 Brusegana,12125,,,,,,,,,,,AMP3,,,,0,,,,,,,,,,,,I,,N,N,N,,,,,N,N,N,20010620
1 26021618,POZZI PLAST  SRL,,Via Danimarca 13 - Z.A.,46042,CASTEL GOFFREDO,MN,,1 POZZIPLA,N,I,N,S,S,00532500204,00532500204,,,,0376 779569,,0376 772315,,,,,,,,,1 VS,R9G5,06225,TENCAROLA,62891,,,08466,Castel Goffredo,57550,3642/53,,0,,RACC-TLF scad. Set/Ott a 60 gg - CIRCFOR1.TXT,AMP3,,,,0,,,,,,,,,,**,,I,,N,N,N,,,,,N,N,N,20010314
1 26022254,FISEP SRL,,Via T.Edison 5/7,36040,BRENDOLA,VI,,1 FISEP,N,I,N,S,S,,01278740244,,,,0444400858 - 400170,,0444400528,,,,,,,,,1 VS,R9FAD,06225,TENCAROLA,62891,,,08399,Brendola Sede,60190,1/1142/5,,,,,ASL1,,,,0,,,,,,,,,,fisepsrl@fisep.com,,I,,N,N,N,,,,,N,N,N,20010309
1 26021773,A T P  di Garzoni Franco,,"VIA DEL TRAM, 8ber",25070,LAVENONE,BS,,1 ATP,S,I,N,S,S,GRZFNC46T07E497L,00232730986,,,,0365823220,304125 FOR ATP,0365823054,,,,,,,,,1 VS,R6FAD,06225,TENCAROLA,62891,,,,,,,,,WWW.ATP.IT - INFO@ATP.IT,,ASL1,,,,0,,,,,,,,,,,,I,,N,N,N,,,,,N,N,N,20010730
1 26021231,SERVICE METAL COMPANY SRL,,Via Spazzini 1/3,25080,Molinetto di Mazzano,BS,,1 SERVICE,N,I,N,S,S,00685940165,01404540179,E749,,,0302120712,,0302629341,,,,,,,,,1 VS,R9F,06225,TENCAROLA,62891,,,03336,Ag. Mazzano,54760,1010,,,,,AMP1,,,,0,,,,,,,,,,,,I,,N,N,N,,,,,N,N,N,20020801
1 26023573,LABORATORIO DEL LEGNO di,Bizzotto P. & Zanin G. snc,"Via Martini, 35",36055,NOVE,VI,,,N,I,N,S,S,02309680243,02309680243,,,,0424/592317,,0424/592318,,,,,,,,,1 VS,R6FAD,06225,TENCAROLA,62891,,,,,,,,,* NON USARE QUESTO CODICE USARE 26023547 *,,,,,,0,,,,,,,,,,,,I,,N,N,N,,,,,N,N,S,20010406
1 26021564,GAMMA ABRASIVI,di Dalla Valle & Verona,Via Domenico Morosini 6/8 z.i.,36016,THIENE,VI,,1 GAMMA,N,I,N,S,S,,01987340245,,,,0445 370983,,0445 371218,,,,,,,,,1 VS,R9FAD,06225,TENCAROLA,62891,,,06355,Sarcedo,88390,642/5/75,,0,,RACC-TLF scad. Set/Ott a 60 gg - CIRCFOR1.TXT,BMC1,,,,0,,,,,,,,,,,,I,,N,N,N,,,,,N,N,N,20011008
1 26023700,S T C  snc,di Salvato Luciano & C.,"Via Argine, 134",35016,PIAZZOLA SUL BRENTA,PD,,1 STC,N,I,N,S,S,02335560286,02335560286,,,,049/5591345,e-mail info@stc.it,049/9600164,,,,,,,,,1 VS,R6FAD,06225,TENCAROLA,62891,,,,,,,,,,,ACL1,,,,0,,,,,,,,,,info@stc.it,,I,,N,N,N,,,,,N,N,N,20020403
1 26020514,SIFRAL  SRL,,Via Ruca 346,25065,LUMEZZANE S.S.,BS,,1 SIFRAL,N,I,N,S,S,,00547540989,,,,030/826430,,030/8920690,,,,,,,,,1 VS,R9FAD,06225,TENCAROLA,62891,,,05116,Lumezzane,54680,108/5,,,,,BMS1,,,,0,,,,,,,,,,info@sifral.com,,I,,N,N,N,,,,,N,N,N,20010314
1 26022252,ROLADHESIV  SPA,,Via E. Caldara 1,20090,TREZZANO SUL NAVIGLIO,MI,,1 ROLADHES,N,I,N,S,S,01346520156,01346520156,,,,02/48402174-197-297,,02/48402333,,,,,,,,,1 VS,R6G5,06225,SACCOLONGO PD,62891,,,06070,Trezzano,33910,3035/1,,,,,AIM1,,,,0,,,,,,,,,,roladhesiv@iol.it,,I,,N,N,N,,,,,N,N,N,20010426
1 26022218,L'IMBALLAGGIO srl,,Via dell'Artigianato 18,35020,DUE CARRARE,PD,,1 IMBALLAG,N,I,N,S,S,,01366810289,,D.I. N.28 del 02.01.98,,9125810,,9125802,,,,,,,,,1 VS,R9FAD,06225,SACCOLONGO PD,62891,,,05460,CADONEGHE,62410,419333,,,,,ACF1,,,,0,,,,,,,,,,,,I,,N,N,N,,,,,N,N,N,20020115
1 26023520,G.A.F. di Arbunescu Gabriele,,"Via De Curtis, 2",35020,DUE CARRARE,PD,,1 G.A.F.,S,I,N,S,S,03593070281,03593070281,,,,049/9126181,,049/9129504,,,,,,,,,1 VS,VF10,01030,AG. BRUSEGANA,12125,,,08610,AG. MONTEGROTTO TERME,62680,500393,,,BANCA ANTONIANA POPOLARE VENETA,AG.MONTEGROTTO TERME - ABI 5040 - CAB 62680 - C/C 4426E,ACL1,,,,0,,,,,,,,,,,,I,,N,N,N,,,,,N,N,N,20010115
1 26022756,SEALED AIR PACKAGING  SRL,,Via TRENTO 7,20017,PASSIRANA DI RHO,MI,,1 SEALED,N,I,N,S,S,,00827590969,,,,039-68351,,049/5290266  6835350,,,,,,,,,1 VS,R9G5,06225,SACCOLONGO PD,62891,,,01025,BARBAIANA,33220,3821,,,STAB.TO 35020 DUE CARRARE VIA VENETO 40*5290277 = UFF.AMM.VI,VIA TRENTO 7- 20017 PASSIRA DI RHO/MI T029332297 F.93332564,AIM1,,,,0,,,,,,,,,,,,I,,N,N,N,,,,,N,N,N,19960315
1 26023719,ENGIN PLAST DUE S.R.L.,,VIA PER ZERBINATE 29/A,44012,BONDENO,FE,,1 ENGINPLA,N,I,N,S,S,,01262860388,,,,0532897178,,0532896365,,,Z.ART.VIA VENEZIA 79,,TEZZE DI VAZZOLA,TV,,,1 VS,R6FAD,01030,Ag. 328 Brusegana,12125,,,,,,,,0,,,AMP3,,,,0,,,,,,,,,,sales@enginplasdue.com,,I,,N,N,N,,,,,N,N,N,20010212
1 26021058,TIPOLITOGRAFICA  CS  SRL,,Via Peru' 9/1,35127,PADOVA,PD,,1 CS,N,I,N,S,S,00997650288,00997650288,,,,761644,,8709097,,,,,,,,,1 VS,R9FAD,06225,TENCAROLA,62891,,,06225,Ag.7 Padova,12107,468673/.,,,C/C N.468673/. - ABI 6225 - CAB 12107,,CCO0,,,,0,,,,,,,,,,tipocs@protec.it,,I,,N,N,N,,,,,N,N,N,20020410
1 26022564,METAL CLEANING SPA,,Via Umberto 1 166,35020,CASALSERUGO,PD,,1 METALCLE,N,I,N,S,S,00781960281,00781960281,,,,643455,,8740229,,,,,,,,,1 VS,R6FAD,06225,TENCAROLA,62891,,,06225,Ag.8 Padova,12108,482474/B,,,,,BMC1,,,,0,,,,,,,,,,info@metalcleaning.it,,I,,N,N,N,,,,,N,N,N,20010319
1 26022499,ALUDUR ITALIA  SRL,,Via L. Abbiati 18,25131,BRESCIA,BS,,1 ALUDUR,N,I,N,S,S,,03244100172,,,,030 3583340,,030 3583212,,,,,,,,,1 VS,R9FAD,01030,Ag. 328 Brusegana,12125,,,,Ag.Urago Mella,11213,2221,,,,,BMC2,,,,0,,,,,,,,,,,,I,,N,N,N,,,,,N,N,N,20010904
1 26022090,DISCOTELSISAL SPA,,V.le Lombardia 401,20047,BRUGHERIO,MI,,1 DISCOTEL,N,I,N,S,S,07221750156,00851630962,,,,0392025800,314578 DILM,0392840125,,,,,,,,,1 VS,R6FAD,06225,TENCAROLA,62891,,,05040,BRUGHERIO,32640,10381/X,,,,,BMC1,,,,0,,,,,,,,,,info@discotelsisal.it,,I,,N,N,N,,,,,N,N,N,20010308
1 26022078,LIPPERT-UNIPOL S.R.L.,,Localit Campiaro,40030,GRIZZANA MORANDI,BO,,1 LIPPERT,N,I,N,S,S,00302000377,01809981200,,,,0516730004,,0516730006,,,,,,,,,1 VS,R62FAD,06225,TENCAROLA,62891,,,,,,,,,,,BMC1,,,,0,,,,,,,,,,lippert.it@iol.it,,I,,N,N,N,,,,,N,N,N,20010319
1 26023704,CUMSA - COMMERCIAL DE UTILES Y,"MOLDES, S.A.","JUAN RAMON JIMENEZ,8",08960,SANT JUST DESVERN BARCELONA,E,ES,1 CUMSA,N,E,S,N,N,,A08584765,,,,+34934732552,,+349347349.19,,,,,,,,,1 VS,VF,,,,,,01025,,60160,1309299597,,,Sede Bassano: Tel. 0424 576988 Fax 0424 87691,,ASL4,,,,0,U01025 60160 130109299597,,,,,,,,,,,I,,N,N,N,,,,,N,N,N,20010220
1 26023582,DRESSENO INCISIONI DI Nalin,Maria S.A.S.,"Via Vallona, 28",35020,CONCHE DI CODEVIGO,PD,,1 DRESSENO,N,I,N,S,S,03584800282,03584800282,,,,049/5845016,,049/5845016,,,,,,,,,1 VS,R6FAD,08728,Tencarola di Selvazzano Dentro,62890,,,,,,,,,,,BMN4,,,,0,,,,,,,,,,,,I,,N,N,N,,,,,N,N,N,20010417
1 26023462,-DRESSENO CARLO Incisore,,"Via Vallona, 26/1",35020,CONCHE DI CODEVIGO,PD,,1 DRESSEN,S,I,N,S,S,DRSCRL44A01G693E,01465380283,,,,0495845016,,0492545016,,,,,,,,,1 VS,R6FAD,06225,TENCAROLA,62891,,,,,,,,,,,BMN4,,,,0,,,,,,,,,,**,,I,,N,N,N,,,,,N,N,N,20000721
1 26023536,MAGGIOLO ATTREZZATURE SAS,di Maggiolo Roberto & C.,"Via G. Verdi, 29",35011,CAMPODARSEGO,PD,,1 MAGGIOLO,N,I,N,S,S,02004860280,02004860280,,,,049 9200840,,049 9201012,,,,,,,,,1 NS,R62F,01030,Ag. 328 - Brusegana,12125,,,,,,,,,,,BMN1,,,,0,,,,,,,,,,,,I,,N,N,N,,,,,N,N,N,20010205
1 26023532,T L T   S.r.l.   METALLI,,"Via Pio Latorre, 88",36043,S. MARIA DI CAMISANO,VI,,1 TLT,N,I,N,S,S,03174240279,03174240279,,,,0444 381973,,0444 264049,,,,,,,,,1 NS,R6F,06225,TENCAROLA,62891,,,,,,,,,,,AMP1,,,,0,,,,,,,,,,,,I,,N,N,N,,,,,N,N,N,20010130
1 26023426,-BROVIND SYSTEM srl,Automazioni Industriali,"Via Valle Bormida, 5",12074,CORTEMILIA,CN,,1 BROVIND,N,I,S,S,S,02079260044,02079260044,,,,0173/820111,,0173/81853,,,,,,,,,1 EX,R6FAD,06225,TENCAROLA,62891,,,,,,,,,,,,,,,0,,,,,,,,ASSEGNATO,,,,I,,N,N,N,,,,,N,N,N,20000511
1 26020185,CESANA PAOLO,,Via Michelangelo  26,22053,LECCO,CO,,1 CESANA,S,I,N,S,S,CSNPLA48C11E507P,00339580136,,,,0341420156,,0341420156,,,,,,,,,1 VS,R9FAD,06225,TENCAROLA,62891,,,02008,Lecco,22900,36262/00,,0,CELLULARE  336 766354,RACC-TLF scad. Set/Ott a 60 gg - CIRCFOR1.TXT,BMS1,,,,0,,,,,,,,,,,,I,,N,N,N,,,,,N,N,N,20011002
1 26023604,TREGI  SRL,,"Via NIEDDA, 18",35010,PERAGA DI VIGONZA,PD,,1 TREGI,N,I,N,S,S,03569570280,03569570280,,,,049/8935699,,049/8935699,TREGI SRL,,"Via Roma, 13",35010,VIGONZA,PD,I,,1 VS,R6FAD,01030,328 - BRUSEGANA,12125,,,,,,,,,,,ACL3,,,,0,,,,,,,,,,,,I,,N,N,N,,,,,N,N,N,20010530
1 26023682,METALLIC ALLOYS SRL,,"Via Monte Santo,",31039,RIESE PIO X,TV,,1 ALLOYS,N,I,N,S,S,,02028570246,E749,,,0423/456347,,0423/456346,,,,,,,,,1 VS,R9FAD,06225,TENCAROLA,62891,,,,,,,,,,,AMP2,,,,0,,MAURO POGGESE,,,,,,,,alloys@tin.it,,I,,N,N,N,,,,,N,N,N,20020214
1 26023720,MIOTELLO ANDREA Autotrasporti,,VIA BOSCO 9,35010,RONCHI DI VILLAFRANCA,PD,,1 MIOTELLO,S,I,N,S,S,MTLNDR68S21G224H,02298550282,,,,0499070072,,0499070072,,,,,,,,,1 VS,BB3F,,,,,,06225,,62650,2556064/E,,,,,BMN0,,,,0,,,,,,,,,,**,,I,,N,N,N,,,,,N,N,N,20011212
1 26023351,-LITOCARTOTECNICA VALSABBINA,srl,"Strada Provinciale, 69",38089,STORO,TN,,1 LITOCART,N,I,N,S,S,00481020170,01481410221,,,,0465/687100,,0465/687101,,,,,,,,,1 VS,R6FAD,06225,TENCAROLA,62891,,,,,,,,,,,AIM1,,,,0,,,,,,,,,,,,I,,N,N,N,,,,,N,N,N,19991209
1 26022661,FE.MA. SNC,di Martinelli Marco& A.,Loc. Fondi Zona Industriale,25071,AGNOSINE,BS,,1 fema,N,I,N,S,S,,01685680983,,,,0365 896888,,0365896966,,,,,,,,,1 VS,R9FAD,06225,TENCAROLA,62891,,,05116,BIONE,72490,149/1,,,,,BMS1,,,,0,,,,,,,,,,,,I,,N,N,N,,,,,N,N,N,20010319
1 26023243,TEKNECOMP Industrie Riunite,Spa - DIVIS.MICROFUS.ITALIANA,"Via G. Di Vittorio, 24",20090,PIEVE EMANUELE,MI,,1 TEKNECOM,N,I,S,S,S,06807390015,06807390015,,,,02/90787.1,,,,,,,,,,,1 VS,R6FAD,06225,TENCAROLA,62891,,,,,,,,,"AGENTE: GABRIELE SIVOCCI - Via A. Turcato, 19",31033-CASTELFRANCO V.TO (TV)-TEL.0336/502751-FAX 0423/720975,ASL1,,,,0,,,,,,,,,,,,I,,N,N,N,,,,,N,N,N,19990312
1 26023475,Carl Zeiss Quality service Srl,Metrologia Tridimensionale,"Via Fleming, 1",28100,NOVARA,NO,,1 QUALITY,N,I,N,S,S,01401270036,01401270036,,,,0321 331939,,0321 331951,,,,,,,,,1 VS,R62FAD,06225,TENCAROLA,62891,,,,,,,,,Marco Molino Amministratore Delegato,,BMN0,,,,0,,,,,,,,,,,,I,,N,N,N,,,,,N,N,N,20000913
1 26023304,-KLUIN WIJHE B.V.,,8131 WZ WIJHE - CP 15,8130,AA WIJHE -  OLANDA,,NL,1 KLUIN,N,E,S,S,S,005850897B16,005850897B16,ZZ,,,++31-(0)570-521413,,++31-(0)570-523270,,,,,,,,EURO,1 VS,R6FAD,,,,,,ING,,,,,,,,BMN3,,,,0,TECNOCON ITALIA,TEL.0377/911062,FAX 0377/910064,,,,,FRANCO,,,,I,,N,N,N,,,,,N,N,N,19990722
1 26023303,-COPRAS International Srl,,"Via Casaglia, 55",25039,TRAVAGLIATO,BS,,1 COPRAS,N,I,S,S,S,03311190171,03311190171,,,,030/6864572-6864946,,030/6866378,,,,,,,,,1 VS,R6FAD,06225,TENCAROLA,62891,,,,,,,,,,,BMN1,,,,0,,,,,,,,,,,,I,,N,N,N,,,,,N,N,N,19990720
1 26023554,ADVANTECH ITALIA spa,,"Via Don Verderio, 4/B",20060,CASSINA DE PECCHI,MI,,1 ADVANTEC,N,I,N,S,S,10486360158,10486360158,,,,02/9544961,,02/95449650,,,,,,,,,1 VS,R3F,06225,TENCAROLA,62891,,,,,,,,,,,,,,,0,,,,,,,,,,,,I,,N,N,N,,,,,N,N,N,20010309
1 26023297,-STILMEC SNC,,"Via Cavin Caselle, 57",35010,VILLANOVA DI CAMPOSAMPIERO,PD,,1 STILMEC,S,I,N,S,S,MZZLCU62D18H238Y,01410640286,,,,049/9221488,,049/9221610,,,,,,,,,1 VS,R6FAD,06225,TENCAROLA,62891,,,06225,Campodarsego,62420,1210527T,,,,,BMN1,,,,0,,,,,,,,,,,,I,,N,N,N,,,,,N,N,N,19990624
1 26022727,ZANAGLIO GIULIO,*****VEDI COD.26023623,Via P.Felter 49,25070,SABBIO CHIESE,BS,,1 ZANAGL,N,I,N,S,S,,00531980985,,,,0365 85056,,036585056,,,,,,,,,1 VS,R6FAD,06225,TENCAROLA,62891,,,,Sabbio Chiese,55160,5775,,,VARIATA PARTITA IVA,,BMC1,,,,0,,,,,,,,,,,,I,,N,N,N,,,,,S,S,N,20010720
1 26023368,-LABORMIX,di Mazzuccato Antonello,"Via C. Goldoni,2",,S. SIRO DI BAGNOLI,PD,,1 LABORMIX,S,I,S,S,S,02644790285,02644790285,,,,049/5344372,,0495344372,,,,,,,,,1 VS,R6FAD,01030,Ag. 328 Brusegana,12125,,,,,,,,,,,ACL3,,,,0,,,,,,,,,,,,I,,N,N,N,,,,,N,N,N,20000121
1 26023367,-WORK LINE di Lamenti Massimo,,Via Tito Livio 69/b,35031,ABANO TERME,PD,,1 WORKLINE,S,I,S,S,S,03482650284,03482650284,,,,049/8602504,,,,,,,,,,,1 VS,R6FAD,06225,TENCAROLA,62891,,,05040,MANDRIOLA-STRADA BATTAGLIA,62341,3603A,,,,,ACL1,,,,0,,,,,,,,,,,,I,,N,N,N,,,,,N,N,N,20000118
1 26023538,ART-SISAL  SNC,di Pasini Agostino & C.,Loc. Dos del Grom,25070,CASTO,BS,,1 ARTSISAL,N,I,N,S,S,02043900170,00675800981,,,,0365/88469,,0365/88469,,,,,,,,,1 VS,R6F,06225,Tencarola,62891,,,,,,,,,,,BMC1,,,,0,,,,,,,,,,,,I,,N,N,N,,,,,N,N,N,19981023
1 26023623,MECCANICA ZANAGLIO S.R.L.,,VIA MAGNO 20/C,25070,SABBIO CHIESE,BS,,1 ZANAGLIO,N,I,N,S,S,02200620983,02200620983,,,,0365 85056,,0365 895919,,,,,,,,,1 VS,R9FAD,06225,TENCAROLA,62891,,,05116,Sabbio Chiese,55160,000000014702,D,,,,BMC1,,,,0,,,,,,,,,,,,I,,N,N,N,,,,,N,N,N,20010720
1 26023285,-MARCHELUZZO LORIANO sas,,"Via Lovolo, 27/A",35030,CARBONARA DI ROVOLON,PD,,1 MARCHELU,N,I,S,S,S,00894180280,00894180280,,,,049/9910651,,,,,,,,,,,1 VS,R6FAD,06225,TENCAROLA,62891,,,,,,,,,,,ACL1,,,,0,,,,,,,,FRANCO,,,,I,,N,N,N,,,,,N,N,N,19990602
1 26023248,-COOP. SOC. NUOVA IDEA S.R.L.,,"Via Savioli, 6/a",35031,ABANO TERME,PD,,1 NUOVAID,N,I,S,S,S,00047970280,00047970280,,,,049/812660,,049/812660,,,,,,,,,1 VS,R3FAD,06225,TENCAROLA,62891,,,06225,ABANO TERME,62320,666182/E,,,,,4000,4000,,,0,,,,,,,,,,,,I,,N,N,N,,,,,N,N,N,19990326
1 26023299,-BALCKE MARLEY ITALIA S.P.A.,,"Piazza San Graziano, 2",28041,ARONA,NO,,1 SPIG,N,I,N,S,S,01675290033,01675290033,,,,0322/233456,,0322/233458,,,,,,,,,1 NS,R6FAD,01030,Ag. 328 Brusegana,12125,,,,,,,,,,,BMN3,,,,0,,,,,,,,,,,,I,,N,N,N,,,,,N,N,N,19990707
1 26023492,-FINEDIL SRL,,"Via G. Galilei, 27",35030,CASELLE DI SELVAZZANO,PD,,1 FINEDIL,N,I,S,S,S,02094220288,02094220288,,,,049/635063,,049/630574,,,,,,,,,1 VS,R6FAD,06225,TENCAROLA,62891,,,,,,,,,,,,,,,0,,,,,,,,,,,,I,,N,N,N,,,,,N,N,N,20001103
1 26023376,-PROTECH,,"Vie Edison, 225",20019,SETTIMO MILANESE,MI,,1 PROTECH,N,I,S,S,S,06408430152,06408430152,,,,02/48915030,,02/48915685,,,,,,,,,1 NS,R92FAD,06225,TENCAROLA,62891,,,06070,SETTIMO MILANESE,33860,1818/1,,,,,,,,,0,,,,,,,,ASSEGNATO,,,,I,,N,N,N,,,,,N,N,N,20000203
1 26023869,SEPLA SRL,Tecnologie polimeriche,"Via Ca' Morosini, 9",36061,BASSANO DEL GRAPPA,VI,,1 SEPLA,N,I,N,S,S,03077500241,03077500241,,,,0424 503656,ERICA,0424 500753,,,,,,,,,,R6G10,01030,BRUSEGANA,12125,,,,,,,,,,,AMP3,,,,0,,,,sepla@sepla.it,,,,,,,,I,,N,N,N,,,,,N,N,N,20031006
1 26023279,TREVISAN F.LLI,di Sabino & Giuliano snc,"Via Mirabello, 44",35038,TORREGLIA,PD,,1 trevisan,N,I,S,S,S,01560840280,01560840280,,,,049/5211064,,,,,,,,,,,1 VS,R3FAD,06225,TENCAROLA,62891,,,,,,,,,,,,,,,0,,,,,,,,,,,,I,,N,N,N,,,,,N,N,N,19990524
1 26023686,CLA.MO.SA  snc  di Baratella,Monica & C.,"Via Luigi Negrelli, 11",35043,MONSELICE,PD,,1 CLAMOSA,N,I,N,S,S,01889100283,01889100283,,,,0429/784166,,0429/711631,,,,,,,,,1 VS,R6FAD,06225,TENCAROLA,62891,,,,,,,,,,,ACF1,,,,0,,,,,,,,,,E-mail: info@clamosa.it,,I,,N,N,N,,,,,N,N,N,20020305
1 26023652,ABANO CALCESTRUZZI S.N.C.,di Benacchio Tiziano & C.,VIA ROMANA 41,35031,ABANO TERME,PD,,1 CALCESTR,S,I,N,S,S,,01281110286,,,,049812133,,0498601879,,,,,,,,,1 VS,R6FAD,06225,TENCAROLA,62891,,,06225,TENCAROLA,62891,486656/E,,,,,BMN0,,,,0,,,,,,,,,,**,,I,,N,N,N,,,,,N,N,N,20011016
1 26023561,SCATOLIFICIO TRIVENETO SRL,,"Via Marconi, 27",35020,BRUGINE,PD,,,N,I,N,S,S,02413260288,02413260288,,,,049/5806509,,049/5806228,,,,,,,,,1 VS,R6F,06225,TENCAROLA,32891,,,,,,,,,,,CCO0,,,,0,,,,,,,,,,,,I,,N,N,N,,,,,N,N,N,20010315
1 26023707,TREVISO TECNOLOGIA,AZ.SPEC. x L'IINOVAZ. TECNOLOG,VIA ROMA 47D - Centro Cristall,31020,LONCENIGO DI VILLORBA,TV,,1 TREVISOT,N,I,N,S,S,,02134210265,,,,0422608858,,0422608866,,,,,,,,,1 VS,VF,,,,,,06035,F.LE DI VILLORBA,62180,23168849,,,,,CAM0,,,,0,,,,,,,,,,utensileriembm@libero.it,,I,,N,N,N,,,,,N,N,N,20000211
1 26023570,FIORENTINI  srl,,Loc. Rombola,50030,PIANCADOLI,FI,,,N,I,N,S,S,01520740489,03899650489,,,,055/8173610,,055/817144,,,,,,,,,1 VS,R9F,06225,TENCAROLA,62891,,,,,,,,,,,CLIE,,,,0,,,,,,,,,PA,,,I,,N,N,N,,,,,N,N,N,20010330
1 26023591,ISOLPOINT   s.r.l.,,"Via Don C. Merlin, 5",35025,CARTURA,PD,,1 ISOLPOIN,N,I,N,S,S,,03287190288,,,,049/9556488,,049/9956488,,,,,,,,,1 VS,R6FAD,06225,TENCAROLA,62891,,,,,,,,,,,BMN1,,,,0,,,,,,,,,,davania@tin.it,,I,,N,N,N,,,,,N,N,N,20010510
1 26023571,R.F. GERON  snc,,"Via Liguria, 13/15",35020,VILLATORA DI SAONARA,PD,,1 GERON,N,I,N,S,S,02313780286,02313780286,,,,049/8791050,,049/8791055,,,,,,,,,1 VS,R3F,06225,TENCAROLA,62891,,,,,,,,,,,BMS3,,,,0,,,,,,,,,,,,I,,N,N,N,,,,,N,N,N,20010402
1 26023152,CIA,Compagnia Italiana Abrasivi,VIA PER CESANO BOSCONE 4,20094,CORSICO,MI,,1 CIA,N,I,N,S,S,02334740160,02494200963,,,,0244851,,024478266,,,,,,,,,1 VS,R12FAD,08728,SELVAZZANO DENTRO,62890,,,03069,PADERNO DUGNANO,33521,19685/1,,,,,BMC1,,,,0,,,,,,,,,,,,I,,N,N,N,,,,,N,N,N,19980921
1 26023580,DANIELE AMPELIO,,Vicolo S. Pio X 38,35020,ALBIGNASEGO,PD,,1 DANIELE,S,I,N,S,S,03630460289,03630460289,,,,,,,,,,,,,,,1 VS,VF,06225,TENCAROLA,62891,,,,,,,,,,,BMN0,,,,0,,,,,,,,,,**,,I,,N,N,N,,,,,N,N,N,19990609
1 26023654,NON USARE,vedi codice 26023680,"Via Calfura, 11",35129,PADOVA,,,,S,I,N,S,S,03564200289,03564200289,,,,049/9115701,,049/9119210,,,,,,,,,1 VS,R62FAD,06225,TENCAROLA,62891,,,,,,,,,,,ACF1,,,,0,,,,,,,,,,,,I,,N,N,N,,,,,S,S,N,20011016
1 26023545,GIRARDI MARINO,,"Via Gazzo, 50",36060,PIANEZZE,VI,,1 GIRARDIM,S,I,N,S,S,GRRMRN57P12E970F,02585430248,,,,,,0424/470282,,,,,,,,,1 VS,R6FAD,08728,TENCAROLA DI SELVAZZANO,62890,,,05572,AG. PIANEZZE,47920,2604,,,,,AMP4,,,,0,,,,,,,,,,,,I,,S,N,N,A,,,,N,N,N,20010305
1 26020188,-C.I.A.  SPA,VEDI COD.26023152,Via Pedretti 49,20095,CUSANO MILANINO,MI,,,N,I,N,S,S,00905250163,05954700158,,,,02 99040986,,02 99042854,CIA ABRASIVI,,Viale dell'Industria  70,35100,PADOVA,PD,,,1 VS,R12FAD,08728,SELVAZZANO,62890,,,03440,Cusano Milanino,33080,4496006,,0,STABIL. E SEDE: Via Pedretti 49 - 20095 CUSANO MILANINO,RACC-TLF scad. Set/Ott a 60 gg - CIRCFOR1.TXT,,,,,0,,,,,,,,,,,,I,,N,N,N,,,,,S,S,N,20010717
1 26023260,LIMA SPA,,"Via Pinzano, 24",,FLAGOGNA,UD,,1 LIMA,N,I,N,S,S,01529030304,01529030304,,,,0427/809811,,0427/808650,,,,,,,,,1 VS,R6FAD,06225,TENCAROLA,62891,,,,,,,,,,,,,,,0,,,,,,,,,,,,I,,N,N,N,,,,,N,N,N,19990416
1 26023456,-ELETTROSTEMI SRL,,"Via Lago di Garda, 28",36077,ALTAVILLA VICENTINA,VI,,1 elettros,N,I,S,S,S,02286650243,02286650243,,,,0444 574621,,,,,,,,,,,1 NS,R3FAD,06225,TENCAROLA,62891,,,,,,,,,,,BMN0,3002,,,0,,,,,,,,,,,,I,,N,N,N,,,,,N,N,N,20000711
1 26023626,ARBIT SNC di Albertini,Geom. Renzo snc,"Via Rigato, 16/bis",35010,PERAGA DI VIGONZA,PD,,1 ARBIT,N,I,N,S,S,01489320281,01489320281,,,,049/626292,,049/626929,,,,,,,,,1 VS,R32FAD,06225,TENCAROLA,62891,,,,,,,,,,,BMN1,,,,0,,,,,,,,,,,,I,,N,N,N,,,,,N,N,N,20010731
1 26023346,-B.M.TECNOLOGIE INDUSTIALI snc,,"Via Praimbole, 13",35010,LIMENA,PD,,1 TECNOLOG,N,I,S,S,S,02459940280,02459940280,,,,049/8841651,,049/8841654,,,,,,,,,1 VS,R3FAD,06225,TENCAROLA,62891,,,,,,,,,,,BMN1,,,,0,,BISSACCO-0335/8445107,,,,,,,,,,I,,N,N,N,,,,,N,N,N,19991124
1 26023324,Dott. OSCAR FABBRI,Agenzia Commerciale,"Via F. Marzolo, 42",35131,PADOVA,,,1 OSCARFAB,S,I,S,S,S,FBBSCR35T31L378X,02249350287,,,,049/776616,,049/776616,,,,,,,,,1 VS,R6FAD,06225,TENCAROLA,62891,,,,,,,,,TEL.SIG.FABRI 0338/6599939,,,,,,0,,,,,,,,,,,,I,,N,N,N,,,,,N,N,N,19991012
1 26023410,-O M T snc di Turatto & Crosta,,"Via Monte Solone, 29",35038,TORREGLIA,PD,,1 omt,N,I,S,S,S,00317460285,00317460285,,,,049/5211202,,049/5212604,,,,,,,,,1 NS,VF,06225,TENCAROLA,62891,,,,,,,,,,,BMN3,,,,0,,,,,,,,,,,,I,,N,N,N,,,,,N,N,N,20000407
1 26023409,SIN.TEC.,,"Via L. Perosi, 93",35132,PADOVA,,,1 SINTEC,N,I,S,S,S,,,,,,049/8643180,,049/614168,,,,,,,,,1 VS,R6FAD,06225,TENCAROLA,62891,,,,,,,,,,,,,,,0,,E. SANTON 0335/6176170,,,,,,FRANCO,,,,I,,N,N,N,,,,,N,N,N,20000406
1 26023489,ZOCCARATO snc di Zoccarato,Lucio e Alessio & C.,"Via Parpaiola, 30",35011,RESCHIGLIANO DI CAMPODARSEGO,PD,,1 ZOCCARAT,N,I,S,S,S,02139160283,02139160283,,,,049/9201111,,049/9201112,,,,,,,,,1 VS,R6FAD,06225,TENCAROLA,62891,,,,,,,,,,,ACL2,,,,0,,,,,,,,,,,,I,,N,N,N,,,,,N,N,N,20001025
1 26023486,DEGAN PAOLO,Tecnologie climatiche,Via Roma 105,35022,ANGUILLARA VENETA,PD,,1 DEGAN,S,I,N,S,S,DGNPLA67E11A296J,03250540287,,,,049/5387085,,0492132892,,,,,,,,,1 VS,R6FAD,06225,TENCAROLA,62891,,,,,,,,,Cell. 348 3506634,,BMN4,,,,0,,,,,,,,,,,,I,,N,N,N,,,,,N,N,N,20001020
1 26023681,CMM di Ghirardi Luigi & C. SNC,,"Via Marchionale, 72/D",46046,MEDOLE,MN,,1 CMM,N,I,N,S,S,01752930204,01752930204,,,,0376/898150-898151,,0376/868335,,,,,,,,,1 VS,R3FAD,06225,TENCAROLA,62891,,,,,,,,,,,BMN1,,,,0,,,,,,,,,,,,I,,N,N,N,,,,,N,N,N,20020212
1 26021395,BRAGHETTA,NON USARE >26023354,"Via Battaglia, 113",35020,ALBIGNASEGO,PD,,,N,I,S,S,S,00977580281,00977580281,,,,049/680511,,8801941,,,,,,,,,1 VS,R6FAD,06225,TENCAROLA,62891,,,06355,VIa Vergerio PADOVA,12102,179/5/71,,,,,BMC0,3009,,,0,,,,,,,,,,,,I,,N,N,N,,,,,S,S,N,
1 26023289,-ICAM  Industria Costruzioni,Aero-meccaniche,"Viale dell'Industria, 12",35020,LEGNARO,PD,,1 ICAM,N,I,S,S,S,02534850280,02534850280,,,,049/641242-641244,,049/790901,,,,,,,,,1 VS,R9FAD,06225,TENCAROLA,62891,,,06355,PONTE SAN NICOLO',62770,40575/16,,,,,,,,,0,,,,,,,,FRANCO,,,,I,,N,N,N,,,,,N,N,N,19990608
1 26023288,-BUSINARO DARIO - RUZZA MORENO,SNC,"Via C. Pollini, 7",35038,LUVIGLIANO DI TORREGLIA,PD,,1 BUSINARO,N,I,S,S,S,03343520288,03343520288,,,,049/5212234,,,,,,,,,,,1 VS,R9FAD,06225,TENCAROLA,62891,,,,,,,,,,,,,,,0,,,,,,,,FRANCO,,,,I,,N,N,N,,,,,N,N,N,19990604
1 26023287,-DOSAK SAS,di Bedin Sergio & C.,"Via L. Einaudi, 66",36040,BRENDOLA,VI,,1 DOSAK,N,I,S,S,S,02388410249,02388410249,,,,0444/695399,,0444/696101,,,,,,,,,1 VS,R6FAD,06225,TEMCAROLA,62891,,,,,,,,,,,,,,,0,,,,,,,,FRANCO,,,,I,,N,N,N,,,,,N,N,N,19990604
1 26023459,-EURO IMPIANTI SRL,,"Via Vescovo,34/D",35020,LEGNARO,PD,,1 EUROIMPI,N,I,S,S,S,,03296590288,,,,0498830617,,0498830617,,,,,,,,,1 VS,R62FAD,06225,TENCAROLA,62891,,,,,,,,,,,,,,,0,,,,,,,,,,**,,I,,N,N,N,,,,,N,N,N,20000714
1 26023444,-M.C.E. srl,,"Via Treviso, 7",35030,RUBANO,PD,,1 MCE,N,I,S,S,S,02331280285,02331280285,,,,049-631616,,049-63099,,,,,,,,,1 VS,R6FAD,06225,TENCAROLA,62891,,,,,,,,,,,BMN1,,,,0,,,,,,,,,,,,I,,N,N,N,,,,,N,N,N,20000621
1 26023530,POLYTEC SAS di Carpaccio,Roberto & C.,"Via Dell'Industria, 31",35020,BRUGINE,PD,,1 POLYTEC,N,I,N,S,S,02203550286,02203550286,,,,049 9730232,,049 9730240,,,,,,,,,1 VS,R9F,08728,TENCAROLA di Selvazzano Dentr,62890,,,08728,PIOVE DI SACCO,62740,1403490,,,GRAZ,,BMS4,,,,0,,,,,,,,,,,,I,,N,N,N,,,,,N,N,N,20010129
1 26022876,PICK-UP >COD.26023296,di Perin G.,Via della Seta 47/49,31029,VITTORIO VENETO,TV,,,N,I,S,S,S,,03052980269,,,,0438 415188,,0438 415196,,,,,,,,,1 VS,R6FAD,06225,TENCAROLA,62891,,,05418,Ag.Cordignano,61630,75115,,,,,AMP3,,,,0,,,,,,,,,,,,I,,N,N,N,,,,,N,N,N,19970114
1 26022686,ABRASIVI ITALIA  SRL,,Via Antonio Niedda 2,35010,PERAGA DI VIGONZA,PD,,1 AI,N,I,S,S,S,,00586470288,,,,725081,,725077,,,,,,,,,1 VS,R9F,06225,TENCAROLA,62891,,,06225,BUSA DI VIGONZA,62960,873020/A,,,,,BMC1,,,,0,,,,,,,,,,,,I,,N,N,N,,,,,N,N,N,
1 26023311,-PC SERVICES SNC,,"Via P. Bembo, 11",35124,PADOVA,PD,,1 PCSERVIC,N,I,S,S,S,,03370730289,,,,0498808082,,0498808082,,,,,,,,,1 VS,R3FAD,06225,TENCAROLA,62891,,,,,,,,,,,CAM0,,,,0,,,,,,,,,,,,I,,N,N,N,,,,,N,N,N,19990826
1 26024008,IN.TE.CO.SRL,,Via Verga 301,,SETTIMO TORINESE,TO,,1 IN.TE.CO,N,I,N,S,S,,05681890017,,,,011-8965833,,011-8970418,,,,,,,,,1 VS,R9F,06225,TENCAROLA,62819,,,,,,,,,,,,,,,0,,,,,,,,,,,,I,,N,N,N,,,,,N,N,N,20050927
1 26023200,LA FONTE SRL,,"Via Careno, 5",21040,VEDANO OLONA,VA,,1 LAFONTE,N,I,S,S,S,01544250127,01544250127,,,,0332/402168,,0332/402169,,,,,,,,,1 EX,R3FAD,06225,TENCAROLA,62891,,,05556,CASTIGLIONE OLONA,50130,2596/74,,,,,BMN1,,,,0,,,,,,,,ASSEGNATO,,,,I,,N,N,N,,,,,N,N,N,19981202
1 26023559,NOVOFERM SCHIEVANO srl,,"Via M. Visentin, 1/A",35012,CAMPOSAMPIERO,PD,,1 NOVOFERM,N,I,N,S,S,11566290158,03285500280,,,,049/9301911,,049/9301877,,,,,,,,,1 VS,R6F,01030,Ag. 328 - Brusegana,12125,,,03069,AG. CAMPOSAMPIERO,62430,096504290108,,,,,BMN4,,,,0,IT29K0306962430096504290108,,,,,,,,,,,I,,N,N,N,,,,,N,N,N,20010315
1 26023416,-CMC  srl,,Via dell'Olmo,33030,VARMO,UD,,1 cmc,N,I,N,S,S,01759980301,01759980301,,,,0432/778754,,0432/778742,,,,,,,,,1 VS,R92FAD,06225,TENCAROLA,62891,,,,,,,,,,,,,,,0,,,,,,,,FRANCO,,,,I,,N,N,N,,,,,N,N,N,20000420
1 26023294,-2C Costruzioni Meccaniche SNC,DI CHEROBIN CLAUDIA & C.,"Via Zocco, 62",36047,MONTEGALDA,VI,,1 DUECI,N,I,S,S,S,,02303500249,,,,0444737075,,0444635045,,,,,,,,,1 VS,R6FAD,06225,TENCAROLA,62891,,,,,,,,,SEDE LEGALE: VIA ISTRIA 18 - 36023 LONGARE/VI,,ACL1,,,,0,,,,,,,,,,,,I,,N,N,N,,,,,N,N,N,19990619
1 26023494,MORIN CRISTINA,,"Strada dei Sedici Laghi, 111",30015,VALLI DI CHIOGGIA,VE,,1 MORIN,S,I,N,S,S,,02991110277,,,,041499758,,,,,,,,,,,1 VS,R6FAD,06225,TENCAROLA,62891,,,05040,Ag. Valli di Chioggia,20905,10103A,,,,,ACL1,,,,0,,,,,,,,,,,,I,,N,N,N,,,,,N,N,N,20001113
1 26021914,-BENDER METALLWERKE GMBH,,Postfach 9249,47749,D-KREFELD 12 (Rheinhafen),,DE,1 BENDER,N,E,S,S,S,,811246509,,,,0396057231,,0396091102,,,,,,,,,1 VS,BB6F,06225,TENCAROLA,62891,,,01005,MONZA,20400,27429,,,mandare fax bonifico avvenuto ATT:LUSETTI - 039/6091102,TLF 039/605....,AMP1,,,,0,DE91320400240189732100,,,,,,,,,,,I,,N,N,N,,,,,N,N,N,20010220
1 26021904,LOCTITE ITALIA SPA,VEDI CODICE 26023491,Via G.Barrella 6,20157,MILANO,MI,,,N,I,S,S,S,00797540150,00797540150,,,,0235792,,023552550,,,,,,,,,1 VS,R9FAD,06225,TENCAROLA,62891,,,06070,Brugherio,32640,5900/1,,,Sede comm:Via Talete 56-20047 Brugherio (MI),Tel.039-2125.1   Fax 039-884672  (VARIATA P.IVA),BMC1,2000,,,0,,,,,,,,,,,,I,,N,N,N,,,,,S,S,N,
1 26020663,GALVANEVET  SPA,,"Via Vigevano, 61",28030,S. MARTINO DI TRECATE,NO,,1 GALVANEV,N,I,S,S,S,06194240153,01672390034,,,,0321-779195 UFF.COMM,200335 GALVET,0321/779327,GALVANEVET SPA,,Via Delle Industrie,35030,RUBANO,PD,,,1 VS,R62FAD,06225,TENCAROLA,62891,,,06070,Ag.Trecate NOVARA,45710,4586/1,,,IMP.:Via Vigevano 61 - 28069 SAN MARTINO di TRECATE - NOVARA,,BMC1,3002,,,0,,,,,,,,,,,,I,,N,N,N,,,,,N,N,N,
1 26023768,BONAITI SERRATURE SPA,,"Via Fratelli Bonacina, 20",24032,CALOLZIOCORTE,LC,,1 BONAITIS,N,I,N,S,S,02267510168,02267510168,,,,0341 631500,,0341 631440,,,,,,,,,1 VS,R6FAD,06225,TENCAROLA,62891,,,,,,145044/L,,,,,,,,,0,,RIVA GIUSEPPE,,bonaiti@bonaiti.it,,,,,,,,I,,N,N,N,,,,,N,N,N,20021107
1 26023469,-PETROFER ITALIA SRL,,"Via Abbiati, 18/C",25125,BRESCIA,BS,,1 PETROFER,N,I,N,S,S,03410020170,03410020170,,,,030/3583340,,30/3583212,,,,,,,,,1 VS,R9FAD,01030,BRUSEGANA,12125,,,05428,Brescia,11200,93289,,,,,BMC2,,,,0,,,,,,,,,,,,I,,N,N,N,,,,,N,N,N,20000801
1 26020256,FISCHER & RECHSTEINER  SPA,,Via Nino Bixio 38,20129,MILANO,MI,,1 FISCHER,N,I,S,S,S,00871940151,00871940151,,,,Padova 049-8702300,,,,,,,,,,,1 VS,R6FAD,03001,ABANO TERME,62320,,,06355,Fil.5 - P.zza Bra,11705,10903/75,,SER,Via del PROGRESSO 23/1 - 35127 PADOVA,,CCO0,5005,,,0,,,,,,,,,,,,I,,N,N,N,,,,,N,N,N,
1 26023329,-GI-ZETA di Zoppello G.,,Via Tito Livio 69/bis,35031,ABANO TERME,PD,,1 GIZETA,N,I,S,S,S,,03321550281,,,,0498602504,,0498602504,,,,,,,,,1 VS,R6FAD,01030,Ag. 328 Brusegana,12125,,,05040,ABANO TERME,62321,7964J,,,,,ACL3,,,,0,,,,,,,,,,,,I,,N,N,N,,,,,N,N,N,19991020
1 26023608,PLEXILAND  di Faggin F.,,"Via Einaudi, 20/F",35030,SACCOLONGO,PD,,1 PLEXILAN,N,I,N,S,S,02661540282,02661540282,,,,049/8015995,,049/8015995,,,,,,,,,1 VS,R6FAD,01030,BRUSEGANA,12125,,,06225,Ag. Tencarola,62891,492527/S,,,,,ACL3,,,,0,,,,,,,,,,,,I,,N,N,N,,,,,N,N,N,20010619
1 26023548,LINEA ECO-AIR srl,,"Via Val di Stava, 14",37060,SONA,VR,,1 LINEAECO,N,I,N,S,S,01969980232,01969980232,,,,045/6081641-6081563,,045/6081641,,,,,,,,,1 VS,R6FAD,06225,TENCAROLA,62891,,,05188,Ag. S.LUCIA,11709,20663,,,SIG. MENINI,,BMN1,,,,0,,,,,,,,,,,,I,,N,N,N,,,,,N,N,N,20010305
1 26023404,BM Anodizzazione Alluminio srl,,"Via Garziere, 36",36010,ZANE',VI,,1 bm,N,I,S,S,S,02448190245,02448190245,,,,0445/314036,,0445/314911,,,,,,,,,1 VS,R6FAD,06225,TENCAROLA,62891,,,,,,,,,,,ACL2,,,,0,,,,,,,,,,,,I,,N,N,N,,,,,N,N,N,20000329
1 26023212,-LUNARDI OLIMPIO,,"Vicolo Cavinello, 3",35010,PIONCA,PD,,1 LUNARDI,S,I,S,S,S,00133330282,00133330282,,,,049/646167,,,,,,,,,,,1 VS,R6FAD,06225,TENCAROLA,62891,,,,,,,,,,,BMN1,,,,0,,,,,,,,,,,,I,,N,N,N,,,,,N,N,N,19981222
1 26023283,-REPI spa,,Via Beniamino Franklin 2,21050,LONATE CEPPINO,VA,,1 REPI,N,I,S,S,S,,00331580126,,,,0331 819511,,0331/819581,,,,,,,,,1 VS,R6FAD,01030,Ag. 328 Brusegana,12125,,,,,,,,,,,AMP3,1003,,,0,,,,,,,,,,,,I,,N,N,N,,,,,N,N,N,19990601
1 26023450,PRESSOFUSIONE MOZZATO di Mozza,to Alessandro & C. sas,"Via Fornace, 19",30033,MARTELLAGO,VE,,1 MOZZATO,N,I,N,S,S,,01557530274,,,,0415403227,,0415409378,,,,,,,,,1 VS,R6FAD,06225,TENCAROLA,62891,,,03336,MARTELLAGO,36160,29729,,,,,AMP2,,,,0,,,,,,,,,,**,,I,,N,N,N,,,,,N,N,N,20000703
1 26023480,-SERVICE 2001 SRL,di Silvio Cocquio & C.,"Via Sacco e Vanzetti, 15",21040,CARNAGO,VA,,1 SERVICE2,N,I,S,S,S,02257500120,02257500120,,,,0331995557,,0331991673,,,,,,,,,1 VS,R3FAD,06225,TENCAROLA,62891,,,,,,,,,,,BMN4,,,,0,,,,,,,,,,info@service2001.it,,I,,N,N,N,,,,,N,N,N,20001005
1 26023360,-GE.RIS. snc,,"Via Risorgimento, 12",35010,LIMENA,PD,,1 GERIS,N,I,S,S,S,00885320283,00885320283,,,,049/767332,,049/8842620,,,,,,,,,1 VS,R6FAD,06225,TENCAROLA,62891,,,,,,,,,,,BMN1,,,,0,,,,,,,,,,,,I,,N,N,N,,,,,N,N,N,20000110
1 26023357,-CREAZZA FLORIO & C. snc,Officina Meccanica,"Via Zocco, 85",36047,MONTEGALDA,VI,,1 CREAZZA,N,I,S,S,S,00204540249,00204540249,,,,0444/636109,,0444/636109,,,,,,,,,1 VS,R9FAD,06225,TENCAROLA,62891,,,,,,,,,,,,,,,0,,,,,,,,,,,,I,,N,N,N,,,,,N,N,N,19991222
1 26023214,VIESSE POMPE SRL,,"Via Einaudi, 16",35030,SACCOLONGO,PD,,1 VIESSE,N,I,S,S,S,02546790284,02546790284,,,,049/8015300,,049/8016416,,,,,,,,,1 VS,R9FAD,06225,TENCAROLA,62891,,,,,,,,,,,BMN1,,,,0,,,,,,,,,,,,I,,N,N,N,,,,,N,N,N,19990108
1 26023259,G S M  SNC  di Svanera Franco,& C.,"Via Sangervasio, 90",25062,CONCESIO,BS,,1 gsm,N,I,N,S,S,02925160174,02925160174,,,,030/2185410,,030/2751091,,,,,,,,,1 VS,R6FAD,06225,TENCAROLA,62891,,,,,,,,,Addebito Lire 150.000 per ogni trasporto,,ACL1,,,,0,,,,,,,,150.000 P/TRASPORT,,,,I,,N,N,N,,,,,N,N,N,19990416
1 26023457,-CML di Baccarin srl,,"Via Artigianato, 25/27 Z.I.",36030,POVOLARO,VI,,1 CML,N,I,S,S,S,02579980240,02579980240,,,,0444/590761,,0444/593807,,,,,,,,,1 VS,R62FAD,06225,TENCAROLA,62891,,,,,,,,,,,,,,,0,,,,,,,,,,,,I,,N,N,N,,,,,N,N,N,20000712
1 26022437,INTERPOLIMERI SPA,,Via Cap. G.Negri 11,35010,LIMENA,PD,,1 INTERPOL,N,I,N,S,S,01830880280,01830880280,,,,0498840455,,0498840410,,,,,,,,,1 VS,R6FAD,06225,TENCAROLA,62891,,,,,,,,,,,,,,,0,,,,,,,,,,,,I,,N,N,N,,,,,N,N,N,20060508
1 26021712,WIFRA SNC dei F.lli Seragiotto,Wilma & Franco,Via dell'Industria 7 Z.I.Selve,35030,CERVARESE S.C.,PD,,1 WIFRA,N,I,N,S,S,02332140280,02332140280,,,,0499900633,,0499902322,WIFRA SNC dei F.lli Seragiotto,Wilma & Franco,Via S. Antonio  52,35033,TREPONTI DI TEOLO,PD,,,1 VS,R6FAD,06225,TENCAROLA,62891,,,06355,Ag.Treponti,62920,35605/57,,,,,ACL2,,,,0,,,,,,,,,,,,I,,N,N,N,,,,,N,N,N,20010618
1 26023059,AQUAFIL POLIMERS DUE s.r.l.,VEDI COD. 26023516,Via Roma 60,22070,SENNA COMASCO,CO,,,N,I,S,S,S,,02476910969,,,,031460060,,031462427,,,,,,,,,1 VS,R9G5,01030,BRUSEGANA,12125,,,,,,,,,sede legale Via Milano 8 - 20020 CERIANO LAGHETTO MI,ATT.NE VARIATA SEDE LEGALE E PARTITA IVA vedi 26023516,AMP3,,,,0,,,,,,,,,,,,I,,N,N,N,,,,,S,S,N,19980220
1 26023531,BAXTO S.r.l.,,"Via Bregolini, 31f",30033,NOALE,VE,,1 BAXTO,N,I,N,S,S,03249740279,03249740279,,,,,,041 5802034,,,,,,,,,1 VS,R9F,01030,AG.328 - BRUSEGANA,12125,,,,,,,,,,,AMP3,,,,0,,,,,,,,,,,,I,,N,N,N,,,,,N,N,N,20010130
1 26023222,PELLEGRINI DANIELE,Assistenza Tecnica,"Via Verginella, 23",25066,LUMEZZANE,BS,,1 PELLEGRD,N,I,S,S,S,01682520984,01682520984,,,,030/8971419,,030/8971419,,,,,,,,,1 VS,R9FAD,06225,TENCAROLA,62891,,,08692,LUMEZZANE P.,54680,400362/43,,,,,BMN1,,,,0,,,,,,,,,,,,I,,N,N,N,,,,,N,N,N,19990119
1 26022760,IVES GRAFICA spa,,Via dell'Economia 117,36100,VICENZA,VI,,1 IVES,N,I,N,S,S,,02816900241,,,,0444-563049,,570249,,,,,,,,,1 VS,R9FAD,06225,SACCOLONGO PD,62891,,,05728,AGENZIA N.4 - VICENZA,11818,4570/23,,,,,AIM1,,,,0,,,,,,,,,,,,I,,N,N,N,,,,,N,N,N,19960320
1 26023472,-D.N.S.  srl,,"Via Delle Industrie, 24",31047,PONTE DI PIAVE,TV,,1 DNS,N,I,S,S,S,03246930261,03246930261,,,,0422/853706,,0422/853706,,,,,,,,,1 VS,R6FAD,06225,TENCAROLA,62891,,,,,,,,,,,ASL4,,,,0,,,,,,,,,,,,I,,N,N,N,,,,,N,N,N,20000905
1 26023467,-P factor srl,,"Via Pralongo, 5",31050,MONASTIER DI TREVISO,TV,,1 PFACTOR,N,I,S,S,S,,03298230263,,,,0422798761,,0422798094,,,,,,,,,1 VS,R6FAD,06225,TENCAROLA,62891,,,,,,,,,,,ASL4,,,,0,,,,,,,,FRANCO,,**,,I,,N,N,N,,,,,N,N,N,20000725
1 26022997,CONTEC srl,,Via B.Zenale 62,20024,GARBAGNATE M.se,MI,,1 CONTEC,N,I,S,S,S,,07871780156,,,,02 9952699,,029952511,,,,,,,,,1 VS,R9FAD,01030,Ag. 328 Brusegana,12125,,,05048,PADERNO DUGNANO,33520,483/1,,,,,AMP3,,,,0,,,,,,,,,,,,I,,N,N,N,,,,,N,N,N,19970916
1 26024313,WELDINGS TECH SRL,VEDI CODICE NUOVO 26024647,Via Tagliamento 325,30022,CEGGIA,VE,,1 WELDINGS,N,I,N,S,S,03912430273,03912430273,,,,0421 323437,,0421 466829,WELDINGS TECH SRL,,Via Tagliamento 5,30022,CEGGIA,VE,I,,,R6FAD,01030,BRUSEGANA,12125,,,,,,,,,,,,,,,0,,,,info@weldings-tech.it,,,,,,,,I,,N,N,N,,,,,N,N,N,20090629
1 26020139,BERGAMO DINO,,Via Pola  12,35030,TENCAROLA DI SELVAZZANO D.,PD,,1 BERGAMO,S,I,N,S,S,BRGDNI35E17G224U,00131930281,,,,049623668,,049 8689000,,,,,,,,,1 VS,R9FAD,06225,TENCAROLA,62891,,,06225,TENCAROLA,62891,486656/E,,,,,BMN0,,,,0,,,,,,,,,,**,,I,,N,N,N,,,,,N,N,N,20011212
1 26022154,EIDOS SPA,,C.so Matteotti 25,10023,CHIERI,TO,,1 eidos,N,I,S,S,S,,01033450014,,,,011/9425825,,011/9470256,,,,,,,,,1 VS,R6FAD,06225,TENCAROLA,62891,,,01025,Chieri,30360,5858,,,,,CAM0,3003,,,0,,,,,,,,,,,,I,,N,N,N,,,,,N,N,N,
1 26022684,-STEEL LAVORAZIONI MECC.  SRL,,Via Campania 30 - Z.I. Sud,31045,MOTTA DI LIVENZA,TV,,1 steel,N,I,S,S,S,02067670261,02067670261,,,,0422 861190,,0422 765523,,,,,,,,,1 VS,R9FAD,06225,TENCAROLA,62891,,,,,,,,,,,ASL4,,,,0,,,,,,,,,,,,I,,N,N,N,,,,,N,N,N,
1 26021646,-CIEFFE Forni Industriali,,Via dell'Industria,31014,COLLE UMBERTO,TV,,,N,I,,S,S,,01697220265,,,,0438 - 38764,433099,,,,,,,,,,1 VS,R93FAD,06225,TENCAROLA,62891,,,,,,,,,,,5000,5002,,,0,,,,,,,,,,,,I,,N,N,N,,,,,N,N,N,
1 26023315,NEW PLAST SRL,,"Via S. Daniele, 137",35038,TORREGLIA,PD,,1 NEWPLAS,N,I,N,S,S,02214920288,12624300153,,,,049 9930053,,049 9930054,,,,,,,,,1 VS,R6FAD,06225,SACCOLONGO PD,62891,,,,,,,,,,,ASL4,,,,0,,,,,,,,,,mailnp@tin.it,,I,,N,N,N,,,,,N,N,N,19990908
1 26021380,STAMPIMAR  SRL,di Maratti Giuseppe & C.,Via Nuova  1,25070,PRESEGLIE,BS,,1 STAMPIMA,N,I,N,S,S,00893900175,00585880982,,,,0365860298,,0365826763,,,,,,,,,1 VS,R63FA,06225,TENCAROLA,62891,,,03500,AG. Preseglie,55040,764,,0,,RACC-TLF scad. Set/Ott a 60 gg - CIRCFOR1.TXT,ASL1,,,,0,,,,,,,,,,,,I,,N,N,N,,,,,N,N,N,20030916
1 26021147,ELMEC,di Calore A. & C.,Via dell'Artigianato,36043,CAMISANO VICENTINO,VI,,1 ELMEC,N,I,S,S,S,00277490249,00277490249,,,,0444/610746,,0444610746,,,,,,,,,1 VS,R62F,06225,TENCAROLA,62891,,,06355,Camisano V.,60230,157/516,,,,,ASL1,1300,,,0,,,,,,,,,,,,I,,N,N,N,,,,,N,N,N,
1 26021747,BOZZATO SPA Scatolificio,USARE COD.26023432,Via Umberto I.o 95,35020,ARZEGRANDE,PD,,,N,I,S,S,S,01511630285,01511630285,,,,0495800133,,0499720409,,,,,,,,,1 VS,R9F,03556,PADOVA D,12106,,,02002,FILIALE PADOVA Z.I.,12102,8414510150,,0,C/C N.653923K - ABI 6225 - CAB 62740,RACC-TLF scad. Set/Ott a 60 gg - CIRCFOR1.TXT,AIM1,1400,,,0,,,,,,,,,,,,I,,N,N,N,,,,,S,N,N,
1 26023675,GUBERTI AQUAFIL S.R.L.,,Via S. Pio X 58/60,31020,SAN VENDEMIANO,TV,,1 GUBERTI,N,I,N,S,S,,03673310268,,,,0438/411241,,0438/370519,,,,,,,,,1 VS,R9G5,02008,PADOVA MINIO,12140,,,05188,CONEGLIANO,61620,000000004063,D 05188 61620 000000004063,0,Pietro Grassetto 335/5266025,RACC-TLF scad. Set/Ott a 60 gg - CIRCFOR1.TXT,AMP3,,,,0,,,,,,,,,,info@guberti.it,,I,,N,N,N,,,,,N,N,N,20010504
1 26024641,ERMANNO BALZI SRL,,"Viale Enrico Mattei,13",25080,MAZZANO,BS,,,N,I,N,S,S,03316170988,03316170988,,,,030 2120868 2591534,,030 2490796,,,,,,,,,,,,,,,,,,,,,,,,,,,,0,,,,info@ermannobalzi.com,,,,,,,,I,,N,N,N,,,,,N,N,N,20140203
1 26021994,O.ME.C SNC di Cherubin G. & C.,,Via S.Martino 11/B,35030,CERVARESE S.CROCE,PD,,1 OMEC,N,I,N,S,S,02224310280,02224310280,,,,0499915227,,0499915227,,,,,,,,,1 VS,R9FAD,01030,Ag. 328 Brusegana,12125,,,08590,Cervarese,63110,20001640,IT51R0859063110000020001640,,,,BMS3,,,,0,,,,,,,,,,,,I,,N,N,N,,,,,N,N,N,20021108
1 26021503,POLSTAMPI  SNC,di Occhi Luciano & C.,Via Piemonte 9,35020,DUE CARRARE,PD,,1 POLSTAMP,N,I,S,S,S,02141780284,02141780284,,,,049/5290424,,5290412,,,,,,,,,1 VS,R6FAD,06225,TENCAROLA,62891,,,06225,ALBIGNASEGO,62340,933192/K,,0,,RACC-TLF scad. Set/Ott a 60 gg - CIRCFOR1.TXT,ASL4,5001,,,0,,,,,,,,,,,,I,,N,N,N,,,,,N,N,N,
1 26021664,-ACM di Piccolo Vittorio,,Via A. Volta  38,35136,PADOVA,PD,,1 ACM,S,I,,S,S,PCCVTR46D14G963E,02203980285,,,,8715803,,8715803,,,,,,,,,1 VS,R6FAD,06225,TENCAROLA,62891,,,,,,,,,C/C N.838995K - ABI 6225 CR PD/RO - CAB 12112 AG.12 (PD),,3000,3003,,,0,,,,,,,,,,,,I,,N,N,N,,,,,N,N,N,
1 26021642,-CARPANESE ANTONIO,Costruz. stampi e Attrezzature,Via L. Einaudi 37,35030,SACCOLONGO,PD,,,S,I,S,S,S,CRPNTN42B03B833J,02144430283,,,,8016245,,8016245,,,,,,,,,1 VS,R6FAD,06225,TENCAROLA,62891,,,,,,,,0,,RACC-TLF scad. Set/Ott a 60 gg - CIRCFOR1.TXT,5000,5001,,,0,,,,,,,,,,,,I,,N,N,N,,,,,S,S,N,
1 26023342,DA LIO S.P.A.,,VIA TREVISO 80,30037,SCORZE',VE,,1 DALIO,N,I,N,S,S,02688970272,02688970272,,,,0415899211,,041445285,,,,,,,,,1 VS,R6FAD,06225,TENCAROLA,62891,,,01005,MIRANO,36190,3093,,,ANDREA ISICATO,,ACL1,,,,0,,,,,,,,,,info@dalio.it,,I,,N,N,N,,,,,N,N,N,19991116
1 26023245,TREVI GROUP SPA,,"Via Inghilterra,  4",35010,Peraga di Vigonza,PD,,,N,I,N,S,S,03315090286,03315090286,,,,049 8952907,,049 8932208,,,,,,,,,1 VS,R6FAD,08728,SELVAZZANO,62890,,,05040,Ag.319,12119,84M,,,Div Industria Tel 049 8934736  Fax 049 6226469,,BMN0,,,,0,,,,,,,,,,,,I,,N,N,N,,,,,N,N,N,19990323
1 26020972,MECCANICA VENETA  SPA,,Via dell'Industria 33,35030,RUBANO,PD,,1 MECCVENE,N,I,S,S,S,00349920280,00349920280,,,,8977222,,633745,,,,,,,,,1 VS,R9FAD,06225,TENCAROLA,62891,,,06225,Selvazzano Dentro,62890,504463/L,,,,,BMS1,1003,,,0,,,,,,,,,,,,I,,N,N,N,,,,,N,N,N,
1 26020765,CARTOGRAFICA VENETA  SPA,,Via per Bagnolo,36045,LONIGO,VI,,1 CV,N,I,S,S,S,00171080245,00171080245,,,,0444/726511,351667 CARVEN,0444/726572,,,,,,,,,1 VS,R9FAD,06225,TENCAROLA,62891,,,01030,Ag.S.Bonifacio,59750,550.79,,0,ATT.NE REVOCA D.I. PER IL MESE DI OTTOBRE 98,RACC-TLF scad. Set/Ott a 60 gg - CIRCFOR1.TXT,ACF1,1400,,,0,,,,,,,,,,,,I,,N,N,N,,,,,N,N,N,
1 26023544,NOVASTAMPI  s.n.c.,di Marcolongo Valerio & C.,"Via C. Colombo, 32",35011,CAMPODARSEGO,PD,,1 NOVASTAM,N,I,N,S,S,01388320283,01388320283,,,,049/5566737,,049/5566737,,,,,,,,,1 VS,R6F,06225,TENCAROLA,62891,,,,,,,,,,,ACL1,,,,0,,,,,,,,,,,,I,,N,N,N,,,,,N,N,N,20010216
1 26023541,PULICLEAN SRL,SERVIZI AMBIENTALI,VIA MONTE CERO 34,35143,PADOVA,PD,,1 PULICLEA,N,I,N,S,S,01981460247,02422470282,,,,0498977778,,049/8059871,,,,,,,,,,R6G10B,06225,TENCAROLA,62891,,,08590,Caselle Di Selvazzano,62890,,IT59W0859062890000081017999,,,,BMN0,,,,0,328-8533303,RAMPAZZO STEFANO,,rampazzo.stefano@libero.it,,,,,,,,I,,N,N,N,,,,,N,N,N,20010213
1 26023588,IM Industrie Meccaniche s.r.l.,,"Via San Giovanni, 46",36045,LONIGO,VI,,1 IM,N,I,N,S,S,00145010245,00145010245,,,,0444/830435-436480,,0444/832713,,,,,,,,,1 NS,,,,,,,,,,,,,,,,,,,0,,,,,,,,,,,,I,,N,N,N,,,,,N,N,N,20010503
1 26023461,UNISTARA SPA,,"Piazza Rossetti, 3/1",16129,GENOVA,,,1 UNISTARA,N,I,N,S,S,02611500105,02611500105,,,,01057699,,010591949,,,,,,,,,1 VS,R9FAD,06225,TENCAROLA,62891,,,02008,AG. 16 GENOVA,01416,73760/00,,,,,BMN2,,,,0,,,,,,,,,,,,I,,N,N,N,,,,,N,N,N,20000718
1 26023361,AQUILA SERVICE SRL,,VIA MONS. PROSDOCIMI 11,36042,BREGANZE,VI,,1 AQUILA,N,I,N,S,S,00918080243,00918080243,,,,0445 300470,,0445 879218,AQUILA SERVICE SNC,di Rigon Marco & Graziano,"Via Mons. Prosdocimi, 11",36042,BREGANZE,VI,,,1 VS,R6FAD,01030,BRUSEGANA,12125,,,05040,SANDRIGO,60710,541/U,,,,,BMN3,,,,0,,,,info@aquilaservice.it,,,,,,,,I,,N,N,N,,,,,N,N,N,20000111
1 26020341,M.I.D.A.  SRL,,Via Venezia  79,31028,TEZZE DI VAZZOLA,TV,,1 MIDA,N,I,N,S,S,00626530265,00626530265,,,,0438 488319,,0438 489622,,,Z.ART.VIA VENEZIA 79,,TEZZE DI VAZZOLA,TV,,,1 VS,R9FAD,06225,Tencarola,62891,,,06035,Mareno di Piave,61760,6538/5/45,,0,PIERA,RACC-TLF scad. Set/Ott a 60 gg - CIRCFOR1.TXT,AMP3,,,,0,,,,,,,,,,,,I,,N,N,N,,,,,N,N,N,20010212
1 26024299,BORGA MECCANICA S.R.L.,,"Via dell'Artigianato, 10",31040,CHIARANO,TV,,,N,I,N,S,S,04271850267,04271850267,,,,0422 806079,,0422 806724,,,,,,,,,,R9F,02008,,12140,,,05035,,61600,070570312745,IT38X0503561600070570312745,,,,,,,,0,,,,info@borgameccanica.com,,,,,,,,I,,N,N,N,,,,,N,N,N,20090409
1 26023468,AQUAFIL POLIMERS DUE S.R.L.,**VEDI COD.26023516***********,VIA ROMA 6,22070,SENNA COMASCO,CO,,,N,I,N,S,S,02476910969,01703000222,,,,031460060,,031462427,,,,,,,,,,R9G5,01030,BRUSEGANA,12125,,,06070,SARONNO,50520,15453/1,,,Sede legale: Via Linfano 9 38062 ARCO/TN - TEL.0464581111,,AMP3,,,,0,,,,,,,,,,,,I,,N,N,N,,,,,S,S,N,20000728
1 26023798,FMN Martinelli Spa,,"Loc. Piani di Mura, 2",25070,CASTO,BS,,,N,I,N,S,S,02246600981,02246600981,,,,0365/899113,,0365/899118,,,,,,,,,,R62FAD,06225,TENCAROLA,62891,,,05116,AG. VESTONE,55390,000000280088,U 05116 55390 000000280088,,,,,,,,0,,,,,,,,,,,,I,,N,N,N,,,,,N,N,N,20030304
1 26023365,SANDONA' S.R.L.,Macchine Utensili,VIA TESINELLA 4/6,36040,GRISIGNANO DI ZOCCO,VI,,1 SANDONA,N,I,N,S,S,00507780286,02875900249,,,,0444415185,,0444415142,,,,,,,,,,R6F,01030,BRUSEGANA,12125,,,05728,FILIALE DI GRISIGNANO DI ZOCCO,61410,C/C152084,,,161000-cambio indirizzo e tlf comunicati oggi,controllare anagrafica completa in registr.fattura!!(AB),BMN4,,,,0,,,,,,,,,,sandonaitalia@sandonaitalia.it,,I,,N,N,N,,,,,N,N,N,20000114
1 26023110,3 T s.r.l.,,"Via Rena, 17",35020,TERRASSA PADOVANA,PD,,1 3T,N,I,N,S,S,02683970285,02683970285,,,,0499500633,,0499514252,,,,,,,,,,VF,,,,,,02008,TERRASSA PADOVANA,72100,000003728754,B0200872100000003728754,,Cellulare 0335/6086586,,,,,,0,,,,info@tretsrl.it,,,,,,,,I,,N,N,N,,,,,N,N,N,19980525
1 26024928,OMNIASOLUTIONS Snc,di Boscolo Matteo e C.,"Via G. Ancillotto, 8",30013,CAVALLINO - TREPORTI,VE,,,N,I,N,S,S,04077920272,04077920272,,,,327 1525045 1525000,,041 8623730,,,,,,,,,,BB,,,,,,08904,,,,IT08U0890483210030000000711,,,,,,,,0,,,,,,,,,,,,I,,N,N,N,,,,,N,N,N,20180116
1 26024333,TECNO SERVICE DI,LONATI LUIGI,VIA MONTE GRAPPA 44,25080,CALVAGESE DELLA RIVIERA,BS,,1 LONATI,S,I,N,S,S,LNTLGU60B27B157E,03421110176,,,,335 6438139,,030 6800088,,,,,,,,,,,,,,,,,,,,,,,,,,,,0,,,,,,,,,,,,I,,N,N,N,,,,,N,N,N,20091223
1 26021778,SUSA SRL,,Via Papa Giovanni XXIII 11,35040,MERLARA,PD,,1 SUSA,N,I,N,S,S,02170670232,02686830288,,,,0429/844434,,0429/844443,,,,,,,,,1 VS,R9FAD,01030,Ag. 328 Brusegana,12125,,,06225,Merlara,63370,570094/H,,0,335/7050304 BROGNARA,RACC-TLF scad. Set/Ott a 60 gg - CIRCFOR1.TXT,AMP3,,,,0,,,,,,,,,,,,I,,N,N,N,,,,,N,N,N,20050117
1 26024696,CHIODARELLI FABIO,,VIA SALAROLA 5,35030,BAONE,PD,,,S,I,N,N,N,CHDFBA91E09F964N,,,,,,,,,,,,,,,,,VF,,,,,,,,,,,,,,,,,,0,,,,,,,,,,,,I,,S,N,N,A,,,,N,N,N,20150112
1 26024332,Z.D. VERNICIATURA SNC DI,Zanellato Daniele e Riccardo,"Via A. Volta, 32/A",35040,S. MARGHERITA D'ADIGE,PD,,,N,I,N,S,S,,04088200284,,,,0429 840213,,0429 840213,,,,,,,,,,R9G10B,06225,TENCAROLA,62891,,,,,,,,,RICCARDO 348/0424354,,,,,,0,,,,,,,,,,,,I,,N,N,N,,,,,N,N,N,20091216
1 26023364,WIND Telecomunicazioni Spa,,Via Cesare Giulio Viola n.48,00148,ROMA,RM,,1 WIND,N,I,N,S,S,05410741002,05410741002,,,,,,,,,,,,,,,,BB3,06225,TENCAROLA,62891,,,,,,,,,,,CAM0,,,,0,,,,,,,,,,,,I,,N,N,N,,,,,N,N,N,20000113
1 26024495,MAKINO ITALIA SRL,,VIA DELLA MOSTRA 3,39100,BOLZANO,BZ,,1 MAKINO,N,I,N,S,S,01654270212,01654270212,,,,02 95948290,,02 95948241,MAKINO ITALIA SRL,,STRADA PR. DELLE OROBIE 5,20873,CAVENAGO BRIANZA,MB,,,,BB3F,,,,,,,,,,,,,,,,,,0,,,,ufficio@makino.it,,,,,,,,I,,N,N,N,,,,,N,N,N,20120314
1 26023091,LA/ES S.P.A.,,Via dell'Industria 6,22070,BEREGAZZO CON FIGLIARO,CO,,1 LAES,N,I,N,S,S,00837260157,02067190138,,,,0319930111,,031941384,,,,,,,,,1 VS,R12FAD,01030,BRUSEGANA,12125,,,01025,OLGIATE COMASCO,51620,000000101314,S,,,,AMP3,,,,0,,,,,,,,,,laes@mmpoint.it,,I,,N,N,N,,,,,N,N,N,19980410
1 26024069,TIM TELECOM ITALIA S.P.A.,,Via Gaetano Negri 1,20123,MILANO,MI,,1 T.I.M,N,I,N,S,S,00488410010,00488410010,,,,,,,,,,,,,,,,BB15,,,,,,03226,,11700,000010138517,T,,,,,,,,0,,,,,,,,,,,,I,,N,N,N,,,,,N,N,N,20060525
1 26023436,BASF ITALIA S.P.A.,*****VEDI COD.26023625******,VIA MARCONATO 8,20031,CESANO MADERNO,MI,,,N,I,N,S,S,00717180152,00688460963,,,,03625121,35029 BASF I,0362 512847,,,,,,,,,,R9FAD,06225,AG.TENCAROLA,62891,,,06070,AG.47,01647,2236/1,,,VARIATA PARTITA IVA,,AMP3,,,,0,,,,,,,,,,,,I,,N,N,N,,,,,S,S,N,20000605
1 26024599,GI GROUP S.P.A.,,Piazza IV Novembre 5,20124,MILANO,MI,,1 GI GROUP,N,I,N,S,S,11629770154,11629770154,,,,02 444111,,02 66807343,,,,,,,,,,R3FAD,06225,TENCAROLA,62891,,,,,,,,,www.gigroup.it,,,,,,0,,,,,,,,,,,,I,,N,N,N,,,,,N,N,N,20130619
1 26023151,BOSCHETTO LUCIANO,,Via Cesare Battisti 247,35031,ABANO TERME,PD,,1 BOSCHETT,N,I,N,S,S,BSCLCN34S04I595X,00669820284,,,,0498055144,,0498056169,,,,,,,,,,R6FAD,06225,TENCAROLA,62891,,,06225,TENCAROLA,62891,490010L,,,,,CPR0,,,,0,,,,,,,,,,**,,I,,N,N,N,,,,,N,N,N,19980917
1 26024600,SALMOIRAGHI E VIGANO' SPA,,VIA MARCO FABIO QUINTILIANO 49/A,20138,MILANO,MI,,1 SALMO,N,I,N,S,S,12949250158,12949250158,,,,049 686533,,049 686533,,,,,,,,,,CARD,,,,,,,,,,,,NEGOZIO IPERCITY VIA VERGA 1 - 35020 ALBIGNASEGO PD,,,,,,0,,,,,,,,,,,,I,,N,N,N,,,,,N,N,N,20130625
1 26023442,EUROCAD di BELLIN & C. SNC,SISTEMI CAD CAM,VIA ENRICO MATTEI 9,35038,TORREGLIA,PD,,,N,I,N,S,S,03305930285,03305930285,,,,049 9930546,,049 9930547,,,,,,,,,,R32FAD,06225,TENCAROLA,62891,,,06345,AG. DI SALZANO,36270,5698 0A,,,Bellin 348 7413232,Carpanese 348 2237325,ASL4,,,,0,,,,eurocad@eurocad.it,,,,,,**,,I,,N,N,N,,,,,N,N,N,20000619
1 26023129,PBA srl,,Via Comello 4,36028,ROSSANO VENETO,VI,,1 PBA,N,I,N,S,S,00487790248,00487790248,,,,04245451,,0424545222,,,,,,,,,,R62FAD,06225,TENCAROLA,62891,,,,,,,,,,,ASL1,,,,0,,,,,,,,,,INFO@PBA-SRL.COM,,I,,N,N,N,,,,,N,N,N,19980714
1 26022744,MODELLERIA ARTIGIANA s.n.c.,di Antico Catia & C.,Via VO'di PLACCA 40,35020,DUE CARRARE,PD,,1 MODELLER,N,I,N,S,S,,02371850286,,,,9125010,,9125020,,,,,,,,,,R62FAD,01030,BRUSEGANA,12125,,,06225,MONTEGROTTO TERME,62680,815187/A,,,,,ASL4,,,,0,,,,,,,,,,,,I,,N,N,N,,,,,N,N,N,19960212
1 26022730,GRUPPOFORNITURE,di G. MANENTI & C. s.a.s.,Via Volturno 31,25126,BRESCIA,BS,,1 GRUPPOFO,N,I,N,S,S,,01587350206,,,,0302524648,,0302410901,,,,,,,,,,R6FAD,06225,TENCAROLA,62891,,,,,,,,,,,BMS1,,,,0,,,,,,,,,,,,I,,N,N,N,,,,,N,N,N,20010524
1 26023488,DIMAS di E. Colombini & C. snc,,"Via Toscana, 8",20060,VIGNATE,MI,,1 DIMAS,N,I,N,S,S,09288240154,00951770965,,,,0295360383,,0295360376,,,,,,,,,,R6FAD,01030,BRUSEGANA,12125,,,,,,,,,,,AIM1,,,,0,,,,,,,,,,,,I,,N,N,N,,,,,N,N,N,20001024
1 26021264,L.M.P.  S.R.L.,TORNERIA AUTOMATICA,Via L.Pierobon 87/a,35010,LIMENA,PD,,1 LMP,N,I,S,S,S,00649990280,00649990280,,,,049/767766,,8840153,,,,,,,,,1 VS,R9FAD,01030,Ag. 328 Brusegana,12125,,,05040,Limena,62610,14658/K,,,,,BMS3,1300,,,0,,,,,,,,,,,,I,,N,N,N,,,,,N,N,N,
1 26020484,ZAMBONI LUCIANO,DISCHI PER PULITURA METALLI,Via dell'Artigianato 46,25018,MONTICHIARI,BS,,1 ZAMBONI,S,I,N,S,S,ZMBLCN39B18F471R,00526370986,,,,030/962475,,0309962602,,,,,,,,,1 VS,R9FAD,06225,TENCAROLA,62891,,,05024,Carpenedolo,54230,000000910101,,0,,RACC-TLF scad. Set/Ott a 60 gg - CIRCFOR1.TXT,BMC1,,,,0,,,,,,,,,,,,I,,N,N,N,,,,,N,N,N,20030401
1 26021801,2 EFFE  SNC,di Norbiato G. & C.,"Via A. Volta, 6/D",35033,BRESSEO DI TEOLO,PD,,1 2EFFE,N,I,N,S,S,,02175790282,,,,0499903057,,0499001510,2 EFFE INCISIONI SNC,di Norbiato G.& C.,Via Rizzi 8,,Trambacche di Veggiano,,,,1 VS,R6FAD,06225,TENCAROLA,62891,,,03069,Saccolongo,85820,2770/63,,,Partenza da unit locale: via Rizzi 8 35030 VEGGIANO/PD,,ACL4,,,,0,,,,2effesnc@libero.it,,,,,,,,I,,N,N,N,,,,,N,N,N,20060731
1 26020562,ROVIT  SAS,di CAMELIN & C.   .,Viale Unit Europea 17,45100,ROVIGO,RO,,1 ROVIT,N,I,S,S,S,00217340298,00217340298,,,,0425-474691,,0425-474295,,,,,,,,,1 VS,R62FAD,06225,TENCAROLA,62891,,,06155,Filiale di Rovigo,12200,25160,,,,,ASL1,,,,0,,,,,,,,,,,,I,,N,N,N,,,,,N,N,N,
1 26024640,SPALECK SURFACE FINISHING,,SCHLAVENHORST 117,43695,BOCHOLT     GERMANIA,DE,,,N,I,N,S,S,,,,,,,,,SPALECK - TO AT  MR INGO LOKEN,,SCHLAVENHORST 117,43695,BOCHOLT     GERMANIA,,,,,,,,,,,,,,,,,PROVVISORIO PER INVIO CAMPIONI,,,,,,0,,,,,,,,,,,,I,,N,N,N,,,,,N,N,N,20140124
1 26023394,M.G. Snc di,Mingardo Gianni & C. Snc,"Via Fr Paolo Sarpi, 10",35138,PADOVA,PD,,1 MGANTINF,N,I,N,S,S,,00201940285,,,,049658302,,049651600,,,,,,,,,1 NS,R6FAD,06225,TENCAROLA,62891,,,,,,,,,,,,,,,0,,,,,,,,,,,,I,,N,N,N,,,,,N,N,N,20000303
1 26024557,ALBERGO ANGELINI,Di Mearelli Flora,Via Ghelfi 22,47811,VISERBA DI RIMINI,,,,N,I,N,S,S,MRLFLR39A48H935T,01179840408,,,,,,,,,,,,,,,,,,,,,,,,,,,,,,,,,,0,,,,,,,,,,,,I,,N,N,N,,,,,N,N,N,20121123
1 26023663,HSL SRL,EX PROMAU  R.P.D. SRL,VIA DEI MASADORI 46,38121,TRENTO,TN,,1 HSL,N,I,N,S,S,00649980224,00649980224,,,,0461 955411,,0461 955422,,,,,,,,,,R9G10B,01030,BRUSEGANA,12125,,,,,,,,,,,BMN4,,,,0,,,,meneghini@promau.com,,,,,,trento@promau.com,,I,,N,N,N,,,,,N,N,N,20010926
1 26024577,BORGATO SRL,,VIA BOLZANI 116/A,35020,MASERA' DI PADOVA,PD,,,N,I,N,S,S,00188490288,00188490288,,,,049 8860202,,049 8860808,,,,,,,,,,BB3F,,,,,,05728,LIMENA,62610,,IT40V0572862610150570614997,,,,,,,,0,,,,,,,,,,,,I,,N,N,N,,,,,N,N,N,20130314
1 26023902,UMBERTO CONFALONIERI SRL,,Via Prealpi 11,20034,GIUSSANO,MI,,1 CONFALON,N,I,N,S,S,,12933700150,,,,036233351,,0362332809,,,,,,,,,1 VS,R62FAD,06225,TENCAROLA,62891,,,03069,LECCO,22931,41641/55,,,,,ASL1,,,,0,,,,,,,,,,dir.com@inver.com,,I,,N,N,N,,,,,N,N,N,20040113
1 26024678,AIRTEC SRL,,VIA ROMA 35,21057,OLGIATE,VA,,1 AIRTEC,N,I,N,S,S,08737370158,01982120121,,,,0331 641130,,0331 640583,,,,,,,,,,,06225,,62891,,,,,,,,,,,,Q000,,,0,,,,,,,,,,,,I,,N,N,N,,,,,N,N,N,20140724
1 26024188,MASTERSERVICE DI,MICHELON PAOLO,VIA MONTE SANTO 1/A,35031,ABANO TERME,PD,,,S,I,N,S,S,MCHPLA57E04G224M,03998040285,,,,049 8602419,,049 8618554,,,,,,,,,,BB3F,,,,,,,,,,,,,,,,,,0,,,,,,,,,,,,I,,N,N,N,,,,,N,N,N,20080118
1 26024533,DMG MORI ITALIA SRL,,"VIA Riccardo Lombardi, 10",20153,MILANO,BG,,,N,I,N,S,S,07134860969,07134860969,,,,02 4894921,,02 48914448,,,,,,,,,,R6F,06225,,62891,,,05048,,33401,11211,IT74C0504833401000000011211,,AGENTE ZONA SALVATORE 348/8004444,SEDE VEGGIANO 049 9006611,,,,,0,,,,,,,,,,,,I,,N,N,N,,,,,N,N,N,20120801
1 26021385,DOGANA ITALIANA,,indirizzo,00000,loc,DA,OO,1 DOGANA,N,E,S,S,S,,99999999999,,,,0498702626,,,,,,,,,,,,F3,,,,,,,,,,,,DICH. ALLA DOGANA DI TRIESTE,,,,,,0,,,,,,,,,,,,I,,N,N,N,,,,,N,N,N,20020103
1 26023133,T.E.I. service s.r.l.,,"Via Generale Cantore, 11",21052,CARDANO AL CAMPO,VA,,1 TEI,N,I,N,S,S,02243200124,02243200124,,,,0331731279,,0331733696,,,,,,,,,,R9FAD,06225,TENCAROLA,62891,,,01025,,22806,100000000841,K,,SEDE OP.VIA ORCALLI S.DONA' DI PIAVE 0421 221478,,BMN4,,,,0,,,,,,,,,,,,I,,N,N,N,,,,,N,N,N,19980716
1 26035014,CARIPLO,Agenzia 1 - Padova,Riviera dei Mugnai,35137,PADOVA,PD,,1 CARIPLO,N,I,N,S,S,,,,,,8209411,,8209466,,,,,,,,,,,06070,Padova - Ag. 1,12101,,,,,,514/1,,,swift  CARIITMF691,ABI 3069  CAB 12141,,,,,0,Dr. PADRIN,Rag. TONIN,,,,,,,,,,I,,N,N,N,,,,,N,N,N,20011011
1 26023552,Consulenza Ig- Sic. nei luoghi,di lavoro-Dr. Laura Martelli,"Via Matteotti, 27",35010,Vigodarzere,PD,,,N,I,N,S,S,MRTLRA46B61L424Q,03426400283,,,,049/8871686,0348-4452440,049/8889353,,,,,,,,,,BB3RA,,,,,,05040,Ag. 309,63090,1006 F,,,,,CAM0,,,,0,,,,,,,,,,,,I,,S,N,N,A,,,,N,N,N,20000204
1 26024125,PAPA ANNA LUCIA AVVOCATO,,VIA G. ALESSIO 12,35121,PADOVA,PD,,1 PAPA,S,I,N,S,S,PPANNA65E60C957D,01421750280,,,,049 8751041,,049 8755001,,,,,,,,,,VF,,,,,,,,,,,,,,CAM0,,,,0,,,,,,,,,,,,I,,S,N,N,A,,,,N,N,N,20070213
1 26020807,POLITECNICA  SRL,,Via VI STRADA 25 Z.I.,35023,BAGNOLI DI SOPRA,PD,,1 POLITECN,N,I,N,S,S,00885890285,00885890285,,,,049 9535380,,049 9535376,,,,,,,,,,R9FAD,06225,TENCAROLA,62891,,,,,,,,,C/C N.6077/25 - ABI 3001 - CAB 12101,,BMS4,,,,0,,,,,,,,,,,,I,,N,N,N,,,,,N,N,N,20090618
1 26023470,TIMAT ALL CARGO  S.R.L.,,VIALE G.GALILEI 16 - AEROPORTO,30030,TESSERA,VE,,1 TIMAT,N,I,N,S,S,01592790248,02647490271,,,,0415415200,,0415415281,,,,,www.timatallcargo.com,,,,,BB3F,,,,,,02002,MESTRE,02004,3647362/01/03,,,,,CAM0,,,,0,,,,,,,,,,allcargo@interbusiness.it,,I,,N,N,N,,,,,N,N,N,20000803
1 26023326,MICROFUSIONE STELLITE SPA,,Via G. Di Vittorio 24,20090,Pieve Emanuele,MI,,1 STELLITE,N,I,N,S,S,00860850155,12901720156,,,,02.90787.1,,02.90723220,,,,,,,,,,R6FAD,06225,TENCAROLA,62891,,,,,,,,,"AGENTE: GABRIELE SIVOCCI - Via A. Turcato, 19",31033-CASTELFRANCO V.TO (TV)-TEL.0336/502751-FAX 0423/720975,,,,,0,,,,,,,,,,postamfi@tin.it,,I,,N,N,N,,,,,N,N,N,19991012
1 26023625,BASF TRADING CHEMICALS S.P.A.,,VIA MARCONATO 8,20031,CESANO MADERNO,MI,,1 BASF,N,I,N,S,S,02186350126,02731920969,,,,03625121,35029 BASF I,0362 512847,,,,,,,,,,R9FAD,06225,AG.TENCAROLA,62891,,,06070,AG.47,01647,2236/1,,,,,AMP3,,,,0,,,,,,,,,,,,I,,N,N,N,,,,,N,N,N,20000605
1 26023101,GALBUSERA LUCA designer,,Via delle Primule 115/13,16148,GENOVA,GE,,1 ROYAL\31,S,I,N,S,S,GLBLCU66A11A662H,03080180106,,,,010-3776509,,,,,,,,,,,,BB3RA,,,,,,03002,AG.24-largo S.Francesco da Pao,01414,823/50,,,luca.galbusera@fastweebnet.it,,CCO0,,,,0,,,,,,,,,,,,I,,S,N,N,A,,,,N,N,N,19980507
1 26024010,C.R.E. di Verzeni S.r.l.,,Via Piemonte 11,24041,BREMBATE,BG,,1 CRE,N,I,N,S,S,,,,,,035-4194009,,035-4826842,,,,,,,,,,,,,,,,,,,,,,,,,,,,0,,,,,,,,,,,,I,,N,N,N,,,,,N,N,N,20050928
1 26023109,VACUUM SURTEC s.r.l.,,"Via Cabassa, 8",43056,S. POLO DI TORRILE,PR,,1 VACUUM,N,I,N,S,S,01802920346,01802920346,,,,0521-812144,,0521-812221,,,,,,,,,,R6FAD,06225,TENCAROLA,62891,,,06230,San Polo di Torrile,65980,56651366,,,E-MAIL: info@pvd-coating.com,,ACL1,,,,0,,,,,,,,,,info@pvd-coating.com,,I,,N,N,N,,,,,N,N,N,19980525
1 26022972,RUFFATO ANDREA,,Via G. BRODOLINI 12,35020,ALBIGNASEGO,,,1 RUFFATO,N,I,N,S,S,,01419450281,,,,686541,,,,,,,,,,,,R3F,06225,TENCAROLA,62891,,,,,,,,,,,BMN0,,,,0,,,,,,,,,,,,I,,N,N,N,,,,,N,N,N,19970715
1 26023708,EDISON ENERGIA S.P.A.,,FORO BUONAPARTE 31,20121,MILANO,MI,,1 enel,N,I,N,S,S,08526440154,08526440154,,D.I. NR. 01/2004 del 22.12.2003,20041231,0262227700,312501 EDISON-I,0262227533,,,,,,,,,,ENEL,,,,,,,,,,,,FORNITURA ENERGIA ELETTRICA,,CPR0,,,,0,,,,,,,,,,,,I,,N,N,N,,,,,N,N,N,19991025
1 26023495,BEUTH VERLAG GmbH,,BURGGRAFENSTRASSE 6,10787,BERLIN,,DE,1 BEUTH,N,E,S,S,S,,DE811236989,,,,03026012260,,03026011260,,,,,,,,DM,,,,,,,,BEUTH,BLZ 100 800 00,,9 20 91 04 00,,,,,CCO0,,,,0,,,,,,,,,,,,I,,N,N,N,,,,,N,N,N,20001115
1 26023491,HENKEL LOCTITE ADESIVI  S.R.L.,,VIA BARRELLA 6,20157,MILANO,MI,,1 LOCTITE,N,I,N,S,S,13118010159,13118010159,,,,03921251,,039884672,,,,,,,,,,R9FAD,06225,TENCAROLA,62891,,,05584,AG. 14,01614,34505,,,SEDE LEGALE ED AMM.VA: VIA G.BARRELLA 6 - TEL 02357921,,BMC1,,,,0,,,,,,,,,,,,I,,N,N,N,,,,,N,N,N,20001027
1 26024200,MEZZARO OTTORINO S.R.L.,,Via Vecchia n. 8/A,35010,CAMPODORO,PD,,1 MEZZAROS,N,I,N,S,S,04290830282,04290830282,,,,049-9065403,,049-9065500,,,,,,,,,,R9G10B,02008,Padova Minio,12140,,,01030,CAMPODORO,89200,,IT92Y0103089200000001268882,,,,,,,,0,,,,,,,,,,,,I,,N,N,N,,,,,N,N,N,20080402
1 26031041,-PIERVITALI SIMONE,,Via Della Grada 15,40122,BOLOGNA,BO,,1 AG/41,S,I,S,S,S,PRVSMN63H02A944X,03371000377,,,,051/551288,,051/524611,,,,,,,,,,F3,06385,S. Felice,02412,,,06385,S. Felice,02412,10340/7,,,,,5000,5006,,,0,,,,,,,,,,,,I,,S,N,S,,,,,N,N,N,
1 26023363,GIACOMO SALMASO,AZIENDA AGRICOLA,VIA GRANZE DX 34,35036,MONTEGROTTO,PD,,1 SALMASOG,N,I,N,S,S,,00926360280,,,,049793377,,049793377,,,,,,,,,,,,,,,,05040,FIL.MONTEGROTTO,62680,00000003569U,IT38L050406268000000003569U,,,,CCO0,,,,0,,,,,,,,,,,,I,,N,N,N,,,,,N,N,N,20000112
1 26023358,CA.MA. snc,di Guzzo Orlando & C.,V.le Navigazione Interna 15,35129,PADOVA,,,1 cama,N,I,N,S,S,,01285680284,,,,049776752,,049775508,,,,,,,,,,R6FAD,06225,TENCAROLA,62891,,,,,,,,,www.ca-ma.com -,,BMS1,,,,0,,,,,,,,,,info@ca-ma.com,,I,,N,N,N,,,,,N,N,N,20000104
1 26023063,ACQ.CARB.FORD GALAXY AW500CA,,,,,,,1 GALAXY,N,I,N,S,S,,,,,,,,,,,,,,,,,,SK_C,SKC,,SKC,,,SKC,,SKC,,,,controllata scheda al 300402-Ok !,,CAM0,SKC,,,0,,,,,,,,,,,,I,,N,N,N,,,,,N,N,N,19980302
1 26031082,MANCA MICHELE ANTIOCO,,"Via Satta, 29",09074,GHILARZA,OR,,1 manca,S,I,N,S,S,MNCMHL67D09E004K,00653280958,,,,0785/52269,347/8706467,0785/52269,,,,,,,,,,BB3RA,,,,,,03069,Ag. GHILARZA,85580,311593901/13,,,,,CCO0,,,,0,,,,,,,,,,manca@tiscali.it,,I,,S,N,S,R,,,,N,N,N,19990720
1 26023452,3P PRECISION  S.A.S.,DI PASSARELLA A. & C.,VIA SILVIO PELLICO 7,36070,TEZZE DI ARZIGNANO,VI,,1 PRECISIO,N,I,N,S,S,,02728120243,,,,0444482743,,0444482743,,,,,,,,,,R6FAD,01030,BRUSEGANA,12125,,,05188,TEZZE DI ARZIGNANO,60122,451532,,,,,ASL4,,,,0,,,,,,,,,,,,I,,N,N,N,,,,,N,N,N,20000706
1 26023451,WINTERTHUR ASSICURAZIONI SPA,,Via TRENTO 2/A,35031,ABANO TERME,PD,,1 WINTERTH,N,I,N,S,S,03268570151,07842050150,,,,0498601450,,049810433,,,,,,,,,,VF,,,,,,02008,Abano Terme,62320,775479,,,,,CAM0,,,,0,,,,,,,,,,,,I,,N,N,N,,,,,N,N,N,20000704
1 26023439,F.B.F. FORM snc di Favero O.,& Busnardo D.,"Via Verdi, 10/A",36060,CASONI DI MUSSOLENTE,VI,,1 FBF,N,I,N,S,S,02808450247,02808450247,,,,0424/573929,,0424/812280,,,,,,,,,,R6FAD,06225,TENCAROLA,62891,,,03032,BASSANO DEL GRAPPA,60160,156/0,,,,,ASL4,,,,0,,,,,,,,,,,,I,,N,N,N,,,,,N,N,N,20000609
1 26023606,STM srl,,Via Giuseppe Garibaldi  3,35020,CASALSERUGO,PD,,1 stm,N,I,N,S,S,,01385600281,,,,0498740992,,0498740990,,,,,,,,,,R9FAD,,,,,,06225,Ag.Legnaro,62600,291824H,,,27/08/02 modif. rag.soc.,,CLIE,,,,0,,,,,,,,,,stmsrl08@virgilio.it,,I,,N,N,N,,,,,N,N,N,20010612
1 26023479,AQUAFIL SPECIAL POLIMERS S.R.L,VEDI CODICE 26023516,VIA MILANO 8,20020,CERIANO LAGHETTO,MI,,,N,I,N,S,S,,01702980226,,,,031 460060,,031 462427,,,,,,,,,,R9G5,01030,BRUSEGANA,12125,,,06070,SARONNO,50520,15453/1,,,DOM.FISC.: VIA LINFANO 9 - 38062 ARCO (TN),VARIATA PARTITA IVA,AMP3,,,,0,,,,,,,,,,,,I,,N,N,N,,,,,N,N,N,20001004
1 26023356,AUTOTRASPORTI MASIERO ITALO,,VIA MAZZINI 40,35048,STANGHELLA,PD,,,N,I,N,S,S,MSRTLI53L13I938Y,01573350285,,,,0337500341,,,,,,,,,,,,F3,,,,,,,,,,,,,,,,,,0,,,,,,,,,,,,I,,N,N,N,,,,,N,N,N,19991221
1 26023240,-SCHOBEL KRISTALL GLAS GMBH,,BAYREUTHER STRABE 187 D,95485,WARMENSTEINACH-BAVARIA-GERMANY,,DE,1 SCHOBEL,N,E,S,S,S,,132353272,ZZ,,,004909277548,,0049092771848,,,,,,,,DEM,,BB3F,,,,,,SCHMID,BLZ 77330070,,20023122,,,,Sito Web:WWW.SCHOEBELGLASS.DE,ASL1,,,,0,,,,,,,,,,WELCOME@SCHOEBELGLASS.DE,,I,,N,N,N,,,,,N,N,N,19990308
1 26023366,RDS HANDELS GMBH & CO. KG.,,"RADINGER STRASSE,9",,A-5020 SALZBURG (AUSTRIA),,AT,1 RDS,N,E,S,N,N,,AUT45560209,ZZ,,,,,,,,,,,,,,,VF,,,,,,,,,,,,,,CLIE,,,,0,,,,,,,,,,,,I,,N,N,N,,,,,N,N,N,20000117
1 26024048,ELETTROBAR,DIV. DI EUROTEC SRL,VIALE EUROPA 24,37048,S. PIETRO DI LEGNAGO,VR,,1 ELETTROB,N,I,N,S,S,12073160157,12073160157,,,,0442/634311,,0442/629132,,,,,,,,,,R6FAD,06225,,62891,,,03069,,59543,019383730353,,,FAX ZONZIN 0442 629115,FAX ORDINI 0442 634313 PASQUALINI,,,,,0,,,,,,,,,,,,I,,N,N,N,,,,,N,N,N,20060406
1 26023170,METALCROMO S.N.C.,di Tagliapietra Giuseppe & C.,Zona Industriale 33,36078,VALDAGNO,VI,,1 METALCRO,N,I,N,S,S,01881770240,01881770240,,,,0445431062 - 431194,,0445431103,,,,,,,,,,R6FAD,06225,TENCAROLA,62891,,,08807,VALDAGNO,60820,,,,,,BMS1,,,,0,,,,,,,,,,info@tagliapietra.it,,I,,N,N,N,,,,,N,N,N,19981021
1 26021132,CECCHINATO SILVANO,,Via Milano  2,35020,CASALSERUGO,PD,,1 CECCHINA,S,I,N,S,S,CCCSVN50T11B912F,00746830280,,,,049643806,,049643806,,,,,,,,,,R6FAD,06225,TENCAROLA,62891,,,06225,CASALSERUGO,62500,4700175/A,,,,,BMN0,,,,0,,,,,,,,,,,,I,,N,N,N,,,,,N,N,N,20021018
1 26020458,UPAS PUBBLICITA' SRL,,Via Caposeda  71,35036,MONTEGROTTO TERME,PD,,1 UPAS,N,I,N,S,S,01497210284,01497210284,,,,049793656,,0498910222,,,,,,,,,,R3FAD,06225,TENCAROLA,62891,,,06225,Montegrotto T.,62680,811380/K,,,,,CAM0,,,,0,,,,info@upas.it,,,,,,,,I,,N,N,N,,,,,N,N,N,20061027
1 26023789,POLONI RAPPRESENTANZE,di Livio Poloni,"Via C Morosini, 9",36061,BASSANO DEL GRAPPA,VI,,1 RAPPRE,N,I,N,S,S,PLNLVI46E24A703S,00471000240,,,,0424 503656,,0424500753,,,,,,,,,,R6FAD,01030,BRUSEGANA,12125,,,03069,Bassano Gr. Fil. P.za Libert,60164,8286/75,,,,,AMP3,,,,0,,,,,,,,,,,,I,,N,N,N,,,,,N,N,N,20030214
1 26022482,BERTOLI VITTORIO SNC,,Via Ariosto 30,35128,PADOVA,,,1 BERTOLI,N,I,N,S,S,,00118230283,,,,776116,,776116,,,,,,,,,,R6FAD,06225,SACCOLONGO PD,62891,,,05040,AGENZIA LA CITTADELLA 03,12103,0581/Z,,,,,AIM1,,,,0,,,,,,,,,,,,I,,N,N,N,,,,,N,N,N,20020111
1 26031081,-VINCI GIAMPAOLO,,Via Nigra 26,09045,QUARTU S.ELENA,CA,,1 AG/81,S,I,S,S,S,VNCGPL61E17H118O,01814760920,,,,070/822827,,070/822827,,,,,,,,,,BB3F,05676,Quartu S.Elena,43950,,,05676,Quartu S.Elena,43950,914/9,,,HA DATO PREAVVISO DAL 1/10/95-(5 MESI DI PREAVVISO),,CCO0,5006,,,0,,,,,,,,,,,,I,,S,N,S,,,,,N,N,N,
1 26031076,ANGELO BONACCORSO GUARDO & FIG,LIO - di Ennio Bonaccorso,Via Galatioto 3,95126,CATANIA,CT,,1 AG/76,S,I,N,S,S,BNCNNE47R29C351M,00204480875,,,,095/7124071,348/6017981,095/492173,,,,,,,,,,BB3RA,,,,,,05036,Ag.Belpasso - CATANIA,83870,000000003325,,,CODICE CIN    W,,CCO0,,,,0,,,,,,,,,,,,I,,S,N,S,R,,,,N,N,N,20020419
1 26022158,C.G. SNC di Cinelli T. & Co.,,Via L. Bizzarri 7,40010,SALA BOLOGNESE,BO,,1 CG,N,I,N,S,S,00548700376,00514491208,,,,051/6814203,,051/954203,,,,,,,,,,R6FAD,01030,BRUSEGANA,12125,,,,,,,,,,,BMN1,,,,0,,,,,,,,,,,,I,,N,N,N,,,,,N,N,N,20021202
1 26024824,GIOLI DI LUANA DIANA,Consulenza Tecnica,Via Ex Internati 16,31058,SUSEGANA,TV,,,S,I,N,S,N,DNILNU73P42C388C,04527260261,,,,,,,,,,,,,,,,BB3F,,,,,,,,,,,,,,,,,,0,,FABIO DAL POS  348/2432752,,,,,,,,,,I,,N,N,N,,,,,N,N,N,20160927
1 26024000,Prof. BELLUCO UMBERTO,,"Via P. Selvatico, 81",35132,PADOVA,PD,,1 BELLUCO,N,I,N,S,S,BLLMRT31L08A059I,00498580281,,,,049 8646750,,049 618556,,,,,,,,,,VF,,,,,,03069,AG. 1 PADOVA,12143,069477080186,CIN: N,,,,,,,,0,,,,,,,,,,,,I,,S,N,N,A,,,,N,N,N,20050729
1 26023045,THD - TOP HABITAT DESIGN,,Le Val Heurtault,22400,COETMIEUX FRANCE,,FR,1 thd,N,E,S,S,S,,,,,,33-96346081,,33-96346085,,,,,,,,,,BB3F,,,,,,,BANQUE 15589 - GUICHET 22804,,01462481344,,,,,CLIE,,,,0,,,,,,,,,,,,I,,N,N,N,,,,,N,N,N,19980113
1 26031085,BARBIERO WALTER,,Via Monte Venda 23,35031,ABANO TERME,PD,,1 AG/85,S,I,S,S,S,BRBWTR22R11G855Z,00253310288,,,,049/8668293,,,,,,,,,,,,BB3F,,,,,,,,,,,,,,CCO0,5006,,,0,,,,,,,,,,,,I,,S,N,S,,,,,N,N,N,
1 26023620,UNISPECIAL S.R.L.,,VIA DEL LAVORO 51,35010,SALETTO DI VIGODARZERE,PD,,1 UNISPECI,N,I,N,S,S,,03525180281,,,,049767115,,049767950,,,,,,,,,,R9FAD,06225,TENCAROLA,62891,,,05728,Ag. Vigodarzere,63090,221501,,,,,ASL1,,,,0,,,,,,,,,,unispecial@ptsc.net,,I,,N,N,N,,,,,N,N,N,20010711
1 26024130,CAD GRAPHIC SUPPLY DI,CASSINI ROBERTO,VIA ENRICO MATTEI 13/2,35020,MASERA' DI PADOVA,PD,,,S,I,N,S,S,CSSRRT70C17G224L,02426850281,,,,049 8862022,,049 8862064,,,,,,,,,,VF,,,,,,,,,,,,,,,,,,0,,,,,,,,,,,,I,,N,N,N,,,,,N,N,N,20070306
1 26023616,PROTOSERVICE S.R.L.,,VIA SALITA 7,43045,FORNOVO TARO,PR,,1 PROTOSER,N,I,N,S,S,,01980020349,,,,0525401281,,0525406949,,,,,,,,,,R6FAD,06225,TENCAROLA,62891,,,,,,,,,,,ASL4,,,,0,,,,,,,,,,proto@protoservice.it,,I,,N,N,N,,,,,N,N,N,20010628
1 26023432,SCATOLIFICIO BOZZATO S.R.L.,,VIA UMBERTO I  99,35020,ARZERGRANDE,PD,,1 BOZZATO,N,I,N,S,S,,03486690286,,,,0495800133 - 5800274,,0499720409,,,,,,,,,,R9G5,06225,SACCOLONGO PD,62891,,,06345,Ag. Campolongo Maggiore,36000,35891/E,,,,,AIM1,,,,0,,,,,,,,,,,,I,,N,N,N,,,,,N,N,N,20000522
1 26023595,CENTRO VENDITE GALVAGNI S.N.C.,di Galvagni Cesare & c.,VIA BALISTA 5,38068,ROVERETO,TN,,1 galvagni,N,I,N,S,S,,01380060226,,,,0464435760,,0464435397,,,,,,,,,,BB6F,,,,,,,,,,,,,,CLIE,,,,0,,,,,,,,,,centrovenditegalvagni@tin.it,,I,,N,N,N,,,,,N,N,N,20010523
1 26024184,INOX STAR SRL,,"VIA DELL'INDUSTRIA, 7",35030,CERVARESE S. CROCE,PD,,1 INOX STA,N,I,N,S,S,04253920286,04253920286,,,,049 9900633,,049 9902322,,,,,,,,,,R6FAD,06225,TENCAROLA,62891,,,02008,,62920,,IT60C0200862920000041150128,,,,ACL2,,,,0,,,,,,,,,,,,I,,N,N,N,,,,,N,N,N,20080111
1 26023419,Chiarelli Dalla Serra,Studio Avvocati,Piazza Salvemini 7,35131,PADOVA,PD,,1 CHIARELL,N,I,N,S,S,03349630289,03349630289,,,,049/8764151,,049/8788909,,,,,,,,,,BB3RA,,,,,,05040,Centrale,12159,14483/P,,,,,CAM0,,,,0,,,,,,,,,,avvchds@tin.it,,I,,S,N,N,A,,,,N,N,N,20000420
1 26022959,SIRIO GALV SRL,,"Via Martiri della Libert, n.7",35012,CAMPOSAMPIERO,PD,,1 SIRIOGAL,N,I,N,S,S,,,,,,9320000,,9320003,,,,,,,,,,R6FAD,06225,TENCAROLA,62891,,,,,,,,,,,ACL1,,,,0,,SIG.CLAUDIO,,,,,,,,,,I,,N,N,N,,,,,N,N,N,19970616
1 26022957,IBIS SERVICE ASSIST. CLIENTELE,CARTE IBIS,"Rue du Bois-Briard, 6/8",91021,EVRY CEDEX       FRANCE,,FR,1 IBIS,N,E,S,S,S,,,,,,0033169367544,,0033169367670,,,,,,,,,,BB3F,,,,,,,,,,,,,,,,,,0,,,,,,,,,,,,I,,N,N,N,,,,,N,N,N,19970612
1 26023070,PROJET EXPORT SERVICES SNC,,Via Adige 8,00198,ROMA,RM,,1 PROJET,N,I,N,S,S,07728300588,01853151007,,,,06\8552045-8557595,,06\85350579,,,,,,,,,,F3,,,,,,03002,Ag. 207 Castelnuovo di Porto,39010,96059,,,,,CCO0,,,,0,,,,,,,,,,,,I,,N,N,N,,,,,N,N,N,19980313
1 26023894,"RISTORANTE ""POGGIO AMENO""",,"Via Sengiari, 1",35038,TORREGLIA,PD,,1 POGGIO,N,I,N,S,S,,00749330288,,,,049 9935008,,,,,,,,,,,,VF,,,,,,,,,,,,,,,,,,0,,,,,,,,,,,,I,,N,N,N,,,,,N,N,N,20031223
1 26023286,-ROITZ srl,Spedizioni trasporti internaz.,Via Trieste 134-P.O.B. n.99,34170,GORIZIA,GO,,1 ROITZ,N,I,N,S,S,00399740315,00399740315,,,,0481522411,,0481521796,,,,,,,,,,F3,,,,,,,,,,,,,,CCO0,,,,0,,,,,,,,,,eroitz@tmedia.it,,I,,N,N,N,,,,,N,N,N,19990604
1 26023278,-MEZZATESTA MARIO,***cod.cli.08000978***,"Via A. Di Sangiuliano, 115",95131,CATANIA,CT,,1 mezzates,N,I,N,S,S,MZZMRA39M21C351G,00194730875,,,,,,,,,,,,,,,,F3,,,,,,,,,,,,,,CLIE,,,,0,,,,,,,,,,,,I,,N,N,N,,,,,N,N,N,19990520
1 26024158,MAZZUCATO VALERIO,,VIA A. VIVALDI 26,35020,PONTE SAN NICOLO',PD,,1 MAZZUCAT,S,I,N,S,S,MZZVLR66E11G224F,,,,,,,,,,,,,,,,,VF,,,,,,,,,,,,,,,,,,0,,,,,,,,,,,,I,,S,N,N,A,,,,N,N,N,20080111
1 26031047,ANDREANI MARCO,,Via Redipuglia 10,61024,ANCONA,AN,,1 ANDREANI,N,I,S,S,S,NDRMRC69M18A271X,01210480420,,,,071/896905,,071896905,,,,,,,,,,BB3RA,,,,,,01020,ANCONA,02600,417087338,,45,,,,,,,0,,,,,,,,,,,,I,,S,N,S,,,,,N,N,N,19980618
1 26031046,FIORETTI GIAMPAOLO,,C.P.209 Via XX Settembre 74/B,60035,JESI,AN,,1 AG/46,S,I,N,S,S,FRTGPL68S17E388Z,01113410425,,,,0731/211959,,0731/201653,,,,,,,,,,BB3RA,,,,,,06055,Monsano,37400,356419,,,,,CCO0,,,,0,,,,,,,,,,,,I,,S,N,S,,,,,N,N,N,20020830
1 26022852,MEI srl-Automazione e Robotica,,"Via Ghiaie, 6",24030,PRESEZZO,BG,,1 MEI,N,I,N,S,S,,02053210163,,,,035\461150-461369,,035\460907,,,,,,,,,,R3F,01030,AG.328 BRUSEGANA,12125,,,01030,Ag.BERGAMO,11100,5871/83,,,,,BMN1,,,,0,,,,,,,,,,,,I,,N,N,N,,,,,N,N,N,19961105
1 26023527,ZUST AMBROSETTI S.P.A.,,VIA MOLINO DELLA SPLUA 2,10028,TROFARELLO,TO,,1 ZUST,N,I,N,S,S,08102830018,08102830018,,,,0116899111,,0116899600,,,,,,,,,,BB6F,,,,,,01025,ag.6 Torino,01006,435,,,,,CPR0,,,,0,,,,,,,,,,,,I,,N,N,N,,,,,N,N,N,20010125
1 26022949,SADLER SAS di M.Sadler & C.,,Canaregio 4132,30131,VENEZIA,VE,,,S,I,N,S,S,,02886310271,,,,041-5235713,,041-5236308,,,,,,,,,,BB3F,,,,,,,,,,,,dal 6/7/99 - NOVUS SRL (cod.memo. SADLER),,,,,,0,,,,,,,,,,,,I,,S,N,N,A,,,,N,N,N,19970530
1 26023899,CONFREIGHT ITALIA SPA,,"Via Caldesi, 6",20161,MILANO,PD,,1 CONFREIG,N,I,N,S,S,,12155950152,,,,0424 525909,,0424 525973,,,,,,,,,,VF,01030,BRUSEGANA,12125,,,02008,AG. 35,01635,000005064616,IT97Z0200801635000005064616,,,,,,,,0,,,,,,,,,,,,I,,N,N,N,,,,,N,N,N,20040108
1 26031006,TAURINIA P.,di Catalano Giuseppe,"Via Oropa, 100",10153,TORINO,TO,,1 AG/06,S,I,N,S,S,CTLGPP52D16Z352C,04239980016,,,,011/9600021,335/8262441,011/8992492,,,,,,,,,,BB3RA,,,,,,02008,Ag.21 TORINO,01021,7013209,IT77I0200801021000007013209,,,,CCO0,,,,0,,,,,,,,,,,,I,,S,N,S,R,,,,N,N,N,20020326
1 26029996,PADOVA ASSICURATRICE SAS.,agente MEIE ASSICURATRICE SPA,Via Cavalletto 7,35100,PADOVA,PD,,1 MEIE,N,I,N,N,N,,00175720283,,,,8758633,,8750431,,,,,,,,,,BB3,,,,,,01005,Padova,12100,30240,,,,,CAM0,,,,0,,,,,,,,,,PADASS@TIN.ITAG.801 PD,,I,,N,N,N,,,,,N,N,N,20020307
1 26021550,BORAN RINA,,Via G. Venezian  10,35100,PADOVA,PD,,1 BORAN,S,I,N,S,S,BRNRNI36E51L899N,00873150288,,,,049628232,,,,,,,,,,,,BB3F,06225,SACCOLONGO PD,62891,,,06225,Ag.8 Padova,12108,483717/P,,,* Questo fornitore deve essere pagato con bonifico alla sca-,denza giusta ---> Giuliano T. *,AIM1,,,,0,,,,,,,,,,,,I,,N,N,N,,,,,N,N,N,20010712
1 26020107,AMI AEREOMERCI INTERNAZIONALI,SRL - VENEZIA,Aeroporto Marco Polo,30030,TESSERA,VE,,1 AMI,N,I,N,S,S,00413430273,00413430273,,,,041/5415300,410562 AERINT,041/5415710,,,,,,,,,,R6FAD,03001,ABANO TERME,62320,,,02002,Montebelluna,61820,2754151,,,,,CCO0,,,,0,,,,,,,,,,,,I,,N,N,N,,,,,S,S,S,20031119
1 26023060,SOVEDI srl,,Via C.CATTANEO 73,36100,VICENZA,VI,,1 SOVEDI,N,I,N,S,S,,00632180246,,,,0444 323140-324653,,0444543472,,,,,,,,,,R3F,06225,SACCOLONGO PD,62891,,,03556,VICENZA - V.le Mazzini,11800,7467,,,Contratto n.SAT/101/98 ass.SW per 7gg/anno,,CAM0,,,,0,,,,,,,,,,,,I,,N,N,N,,,,,N,N,N,19980223
1 26023055,STUDIO LEGALE CAMILOTTI-CECCON,-POLETTINI,"Galleria Borromeo, 3",35137,PADOVA,PD,,,N,I,N,S,S,02110320286,02110320286,,,,0498775811,,049666086,,,,,,,,,,BB3RA,,,,,,05040,PADOVA,12190,28165/Z,,,,,CAM0,,,,0,,,,,,,,,,,,I,,S,N,N,A,,,,N,N,N,19980217
1 26023048,GMV Martini spa,cl ----08003016,Via Don Gnocchi 10,20016,PERO,MI,,1 gmv,N,I,N,S,S,,09451840152,,,,0233910680,,023390379,,,,,,,,,,BB3,,,,,,06070,AG.PERO,33560,3525/1,,,,,CLIE,,,,0,,,,,,,,,,,,I,,N,N,N,,,,,N,N,N,19980115
1 26022562,-REALPRES  SRL,,Via Trento 148,25020,CAPRIANO DEL COLLE,BS,,1 REALPRES,N,I,N,S,S,,01795870177,,,,030/9747041,,030/9747353,,,,,,,,,,BB3F,06225,TENCAROLA,62891,,,,,,,,,,,,,,,0,,,,,,,,,,,,I,,N,N,N,,,,,S,S,N,20010713
1 26031070,LOGIUDICE NICOLA,,Via San Cristoforo 101,89100,REGGIO CALABRIA,RC,,1 AG/70,S,I,S,S,S,LGDNCL46P06H224Y,00330040809,,,,0965/811850,,0965/811850,,,,,,,,,,BB3F,03002,Reggio Calabria,16300,,,03002,Reggio Calabria,16300,33498,,,"DISDETTO CONTRATTO, DANDO PREAVVISO, DAL 17.11.95",,CCO0,5006,,,0,,,,,,,,,,,,I,,S,N,S,,,,,N,N,N,
1 26023683,LTS ALLUMINIO S.P.A.,,VIA CAMP LONC 23 - Z.I.,32030,VILLAPAIERA DI FELTRE,BL,,1 LTSALLUM,N,I,N,S,S,,00875740250,,,,04398488,440182 LTSALL,0439840086,,,,,,,,,,VF,,,,,,06355,AG. Lentiai,61150,2775579,,,,,CCO0,,,,0,,,,,,,,,,,,I,,N,N,N,,,,,N,N,N,20020220
1 26031060,MANZO ALESSANDRO,,Via Sansimone 11,73017,SANNICOLA,LE,,1 AG/60,S,I,N,S,S,MNZLSN58D04I059G,02092300751,,,,0833231195,335/5708582,0833231195,,,,,,,,,,BB3RA,03002,Gallipoli,79670,,,03002,Gallipoli,79670,000000206831,COD. CIN     W,,,,CCO0,,,,0,,,,,,,,,,,,I,,S,N,S,R,,,,N,N,N,20020419
1 26031055,GABRIELLI SANDRO,,Via Filogaso 29,00173,ROMA,RM,,1 AG/55,S,I,N,S,S,GBRSDR52C28H404C,02358540587,,,,06/72671576,333/2966112,06/72671576,,,,,,,,,,BB3RA,,,,,,05584,Ag.258,03207,6533,CODICE CIN  J,,,,CCO0,,,,0,,,,,,,,,,,,I,,S,N,S,R,,,,N,N,N,20020419
1 26023449,FERCOLOR,DI MASSARO RENATO,VIALE DELL'INDUSTRIA 50/52,35013,CITTADELLA,PD,,1 FERCOL2,N,I,N,S,S,MSSRNT33S23G224B,00360210280,,,,0495971105,,0499401200,,,,,,,,,,BB6F,,,,,,06345,Ag.Cittadella,62520,1130/0T,,,CLIENTE,,CLIE,,,,0,,,,,,,,,,,,I,,N,N,N,,,,,N,N,N,20000629
1 26023445,ENFIPLAST  -  Ente Fiere,Plastica e Gomma,C. COMM.LE MIFIORI F/2- C.P.24,20090,ASSAGO,MI,,1 ENFIPLAS,N,I,N,S,S,,06128590152,,,,028228371,341378 ASPLAS I,0257512490,,,,,,,,,,VF,,,,,,,,,,,,,,CCO0,,,,0,,,,,,,,,,enfiplast@assocomaplast.com,,I,,N,N,N,,,,,N,N,N,20000622
1 26023443,SO.GE.SE.  SAS,DI FORTIN & C.,CORSO MILANO 19,35139,PADOVA,PD,,1 SOGESE,N,I,N,S,S,,01925180281,,,,0498760789,,049665467,,,,,,,,,,VF,,,,,,06155,FIL. PADOVA,12100,000000000478,IT93P0615512100000000000478,,,,CAM0,,,,0,,,,claudiafortin@yahoo.it,,,,,,,,I,,N,N,N,,,,,N,N,N,20000621
1 26023312,TMC s.a.s.,di Trentin Antonio & C.,Via Rivella 24 (S.S.16),35041,BATTAGLIA TERME,PD,,1 TMC,N,I,N,S,S,02500030289,02500030289,,,,0499101119,03687850370,0499101121,,,,,,,,,,R9FAD,06225,TENCAROLA,62891,,,,,,,,,IVANA   339/6545231     ELISABETTA,,CAM0,,,,0,,,,,,,,,,**,,I,,N,N,N,,,,,N,N,N,19990830
1 26023300,ALEKOS di Ruffato Simone,,Via Brodolini 12,35020,ALBIGNASEGO,PD,,,S,I,N,S,S,RFFSMN69T08G224Y,02531020283,,,,0498626443,,,,,,,,,,,,VF,,,,,,,,,,,,per assistenza condizionatori Splendid,,BMN0,,,,0,,,,,,,,,,,,I,,N,N,N,,,,,N,N,N,19990714
1 26023107,THIVEL & BEREZIAT,***cod.cli.09010442***,"108, Avenue Jean-Jaurs",69363,LYON - CEDEX FRANCE,,FR,1 thivel,N,E,S,S,S,,63957505738,ZZ,,,0033-472768040,,0033478729282,,,,,,,,,,F3,,,,,,,,,,,,,,CLIE,,,,0,,,,,,,,,,,,I,,N,N,N,,,,,N,N,N,19980522
1 26035004,BANCA COMMERCIALE ITALIANA,Filiale di Padova,V. Foscolo 2/4,35100,PADOVA,,,1 COMIT,N,I,N,S,S,,,,,,35225-35505-35743,,,,,,,,,,,,,02002,SEDE DI PADOVA,12100,,,,,,1792928/01,,,C/C 1792928/01/38 - Swift BCIT-IT-MM-530,ABI 3069 - CAB 12130,,,,,0,,,,,,,,,,,,I,,N,N,N,,,,,N,N,N,20011011
1 26023851,KONZELMANN  SCHMELZERKE   Gmbh,,Max-Eyth Str. 40,89231,NEU-ULM     Germany,,,1 MILANOME,N,I,N,S,S,,03715610964,,,,,Nadia,,MM Milano Metalli SRL,,"Via M.Buonarroti, 15",20090,CESANO BOSCONE,MI,,,,R9F,06225,AG.Tencarola,62891,,,,,,,,,,,,,,,0,,Uanini,,,,,,,,,,I,,N,N,N,,,,,N,N,N,20030711
1 26023173,SVERITAL SPA,,Via S.Maria 108,20093,COLOGNO MONZESE,MI,,1 SVERITAL,N,I,N,S,S,00753210152,00753210152,,,,02 251561,,0225391055,,,,,,,,,,R6FAD,06225,Saccolongo,62891,,,05584,AG.68 COLOGNO M.SE,32970,6362,,,,,BMN3,,,,0,CONCETTA,ITALO SEBASTIANI 3475321400,,sverital@sverital.it,,,,,,SVERITAL@MICRONET.IT,,I,,N,N,N,,,,,N,N,N,19981022
1 26023027,BERNARDINELLO ENGINEERING SPA,,Via Praimbole 13/a,35010,LIMENA,PD,,1 bernardi,N,I,N,S,S,02696720289,02696720289,,,,049767599,,049768353,,,,,,,,,,R62F,01030,Ag. 328 Brusegana,12125,,,03556,Padova D,12106,5616,,,,Sito Web: www.bernardinello.it,BMN2,,,,0,,,,,,,,,,benrdinello@benerdinello.it,,I,,N,N,N,,,,,N,N,N,19971124
1 26031052,SECOM Servizi Commerciali SAS,di Campopiano Michele & C.,Via Tiberio 78/A,86100,CAMPOBASSO,CB,,1 SECOM,N,I,S,S,S,CMPMHL45R13E722O,00818010704,,,,0337/667572,,0874-67516,,,,,,,,,,BB3RA,,,,,,03200,Campobasso,03801,04304333,,,,,CCO0,5006,,,0,,,,,,,,,,,,I,,S,N,S,,,,,N,N,N,
1 26023209,-FER METAL snc,di FERISERI FRANCESCO & C.,Via Marconi 141/A,25071,AGNOSINE,BS,,1 fermetal,N,I,N,S,S,,00557210986,,,,0365 896168,,,,,,,,,,,,R62FAD,06225,TENCAROLA,62891,,,,,,,,,,,CCO0,,,,0,,,,,,,,,,,,I,,N,N,N,,,,,N,N,N,19981215
1 26023207,T.S.G. ITALIA SRL,Spedizioni Internazionali,Via del Rosario 48,36022,CASSALA LOC. S.ZENO,VI,,1 TSG,N,I,N,S,S,00915950240,00915950240,,,,0424570970,,0424570977,,,,,,,,,,R6G5,06225,SACCOLONGO PD,62891,,,06355,MAROSTICA,60500,64825/63,,,,,CCO0,,,,0,,,,,,,,,,**,,I,,N,N,N,,,,,N,N,N,19981215
1 26023354,BRAGHETTA S.R.L.,,VIA BATTAGLIA 113,35020,ALBIGNASEGO,PD,,1 BRAGHETT,N,I,N,S,S,02717910281,02717910281,,,,049680511,,0498801941,,,,,,,,,,R6FAD,06225,TENCAROLA,62891,,,06225,AG.9,12109,942066T,,,,,CPR0,,,,0,,,,,,,,,,braghett@braghetta.it,,I,,N,N,N,,,,,N,N,N,19991220
1 26024012,BMP srl,,V.le delle Industrie 89,20040,CAMBIAGO,MI,,1 BMPSRL,N,I,N,S,S,,04247580154,,,,02-5308330,,02-95308320,,,,,,,,,,R3F,06225,TENCAROLA,62891,,,,,,,,,,,,,,,0,,,,,,,,,,,,I,,N,N,N,,,,,N,N,N,20051003
1 26024138,RAJAPACK SRL,Unico socio,"Via Dogana Po, 15",29015,CASTEL SAN GIOVANNI,PC,,1 RAJAPACK,N,I,N,S,S,04921880961,04921880961,,,,0523 735511,,0523 735535,,,,,,,,,,R3F,06225,,62891,,,,,,,,,,,,,,,0,,,,,,,,,,,,I,,N,N,N,,,,,N,N,N,20070410
1 26023511,PLASTIDITE SPA,,VIA TRAVNIK 12,34147,S. DORLIGO DELLA VALLE,TS,,1 PLASTIDI,N,I,N,S,S,,00520930322,,,,040820144 820968,,040381172,,,,,,,,,,CONTRA,,,,,,02002,AG.5 ZONA INDUSTRIALE,2205,2326711/60/72,,,,,BMN3,,,,0,,,,,,,,,,,,I,,N,N,N,,,,,N,N,N,20001215
1 26022518,ZUCCHETTI SPA (non usare),,Via Solferino 1,20075,LODI,MI,,1 ZUCCHETT,N,I,N,S,S,,04171890157,,,,0371 421701,,0371421698,,,,,,,,,,R3F,06225,TENCAROLA,62891,,,05164,Sede Lodi,20301,73375/36,,,,,CAM0,,,,0,,,,,,,,,,,,I,,N,N,N,,,,,N,N,N,20070621
1 26024150,FORMAZIONE UNINDUSTRIA TREVISO,SOCIETA' CONSORTILE A R.L.,PIAZZA GARIBALDI 13,31100,TREVISO,TV,,,N,I,N,S,S,02301900268,02301900268,,,,0422 91640,,0422 618711,,,,,,,,,,R3F,06225,FILIALE DI TENCAROLA,62891,,,,,,,,,SEDE OPERATIVA => VIA LIBERTA' 4 - CARITA' DI VILLORBA TV,,,,,,0,,,,,,,,,,,,I,,N,N,N,,,,,N,N,N,20070608
1 26023028,PULITURA METALLI SIMONATO SNC,di Simonato Maurizio & C.,"Via Arno, 20",30030,MELLAREDO DI PIANIGA,VE,,1 SIMONATO,N,I,N,S,S,03015580271,03015580271,,,,041-5190011,,0415194161,,,,,,,,,,R9FAD,06225,TENCAROLA,62891,,,06345,Pianiga,36230,82250W,,,DA APRILE VEDIAMO SE MANDARE L'ESENZIONE.GRAZIELLA.,Uff.amm.ne tel:041-468886 Sig.ra Stefania,ACL1,,,,0,,,,,,,,,,,,I,,N,N,N,,,,,N,N,N,19971202
1 26022840,HAEFELE GmbH. &. Co.,,"Freudenstadterstrasse, 70",72202,NAGOLD - GERMANIA,,DE,1 haefele,N,E,S,N,N,144425382,144425382,ZZ,,,07452/95-443,,07452/95-479,,,,,,,,,,RMS3,,,,,,,,,,,,,,CLIE,,,,0,,,,,,,,,,,,I,,N,N,N,,,,,N,N,N,19961015
1 26023505,TE-CON,di Cogo Stefano,"Via Penghe, 34/A Z.I. Caselle",35030,SELVAZZANO DENTRO,PD,,1 COGOSTEF,S,I,N,S,S,CGOSFN64M25G224K,02269710287,,,,049/8974211,,0498974211,,,,,,,,,,VF,06225,TENCAROLA,62891,,,06225,TENCAROLA,62891,490574H,,,,,BMN0,,,,0,,,,,,,,,,,,I,,N,N,N,,,,,N,N,N,20001207
1 26023375,DIHR INTERNATIONAL S.R.L.,,VIA DEL LAVORO 22/B,31033,CASTELFRANCO VENETO,TV,,,N,I,N,S,S,03022710267,03022710267,,,,04237344  r.a.,,0423720442,,,,,,,,,,R9FAD,06225,TENCAROLA,62891,,,03069,Fil. Castelfranco,61560,000000399092,IT40R0306961560000000399092,,,,CLIE,,,,0,,,,,,,,,,,,I,,N,N,N,,,,,N,N,N,20000201
1 26024271,AIRSOFT srl,,Via dell'Artigianato vic.p.1/A,35036,MONTEGROTTO TERME,PD,,1 AIRSOFT,N,I,N,S,S,,03654650286,,,,049794564,,0498926291,,,,,,,,,,R3F,,,,,,,,,,,,,,,,,,0,,,,,,,,,,,,I,,N,N,N,,,,,N,N,N,20090114
1 26024011,SYTRAMA SRL,,Via Lombardia 30,20060,VIGNATE,MI,,1 SYTRAMA,N,I,N,S,S,,,,,,02-9593981,,02-9560114,,,,,,,,,,,,,,,,,,,,,,,,,,,,0,,,,,,,,,,,,I,,N,N,N,,,,,N,N,N,20050930
1 26023705,AUTONOLEGGIO CASOTTO NICOLA,,VIA S. DANIELE 114,35038,TORREGLIA,PD,,1 CASOTTO,N,I,N,S,S,,00532120284,,,,0498601426 - 8618175,,0498601642,,,,,,,,,,VF,,,,,,,,,,,,CELL. 3358417474 (ex Landomas),,CCO0,,,,0,,,,,,,,,,landomas@landomas.it,,I,,N,N,N,,,,,N,N,N,20010703
1 26023411,EUROCOLOR S.R.L.,,VIA TURATI 1,35010,LIMENA,PD,,1 EUROCOLO,N,I,N,S,S,,02529340289,,,,049767700,,049767544,,,,,,,,,,R3FAD,06225,TENCAROLA,62891,,,06225,AG. LIMENA,62610,843599/K,,,,,BMC1,,,,0,,,,,,,,,,,,I,,N,N,N,,,,,N,N,N,20000411
1 26022806,-VIRGINIO BRIATORE,Freelance writer,VIA MAZZINI 84,48100,RAVENNA,RA,,1 BRIATORE,N,I,N,S,S,BRTVGN55L24C589B,01289590398,,,,0544245305,,0544245305,,,,,,,,,,BB3RA,,,,,,01005,Fil.RAVENNA,13100,21803,,,,,CCO0,,,,0,,,,,,,,,,vbriatore@linknet.it,,I,,S,N,N,A,,,,N,N,N,19960715
1 26023769,OMNIAWEB S.R.L.,,VIA RIGATO 7/A,35010,PERAGA DI VIGONZA,PD,,1 OMNIAWEB,N,I,N,S,S,,03572010282,,,,0498939811,,0498936763,,,,,,,,,,ST60F,01030,BRUSEGANA,12125,,,05040,GUIZZA,12198,3193J,,,,,CAM0,,,,0,,,,,,,,,,info@omniaweb.it,,I,,N,N,N,,,,,N,N,N,20021113
1 26021754,ACQ.CARB.RANGE ROVER PD-A26624,***usare cod.26021825***,,,,,,,P,I,N,N,N,,,,,,,,,,,,,,,,,,,,,,,,,,,,,,,,,,,,0,,,,,,,,,,,,I,,N,N,N,,,,,N,N,N,20011112
1 26023234,-NOVUS srl,,Via Cannaregio 4132,30131,VENEZIA,,,1 ROYAL/35,N,I,N,S,S,,12848430158,,,,,,,,,,,,,,,,BB3F,,,,,,,,,,,,ex St. SADLER,,CCO0,,,,0,,,,,,,,,,m.sadler@tin.it,,I,,S,N,N,A,,,,N,N,N,19990216
1 26023382,ELF ATOCHEM ITALIA S.R.L.,,VIA DEGLI ARTIGIANELLI 10,20159,MILANO,MI,,1 ELF,N,I,N,S,S,,10676490153,,,,02668111,,0266803607,,,,,,,,,,R6FAD,06225,TENCAROLA,62891,,,,,,,,,,,AMP3,,,,0,,,,,,,,,,,,I,,N,N,N,,,,,N,N,N,20000207
1 26022914,-DEVA s.r.l.,,"Via dell'Artigianato, 9",36020,MOSSANO,VI,,1 DEVA,N,I,N,S,S,,02442450249,,,,0444 896666,,0444 797413,,,,,,,,,,R6F,01030,Ag. 328 Brusegana,12125,,,,,,,,,,,ASL3,,,,0,,,,,,,,,,,,I,,N,N,N,,,,,N,N,N,19970317
1 26023013,ACHILLE Pulitura Metalli snc,,Via Del Commercio 9,35036,MONTEGROTTO TERME,PD,,1 ACHILLE,N,I,N,S,S,03280160288,03280160288,,,,049/8911919,,049/8929364,,,,,,,,,,VF10,01030,Ag. Brusegana,12125,,,05040,MONTEGROTTO TERME,62680,4426E,,,BANCA ANTONIANA POPOLARE VENETA,AG. MONTEGROTTO TERME - ABI 5040 - CAB 62680 - C/C 4426E,ACL1,,,,0,,,,,,,,,,,,I,,N,N,N,,,,,N,N,N,19971021
1 26022980,DEA SYSTEM S.R.L.,,Via Monte Summano 45E,36010,ZANE',VI,,1 DEASYSTE,N,I,N,S,S,02313860245,02313860245,,,,0445-314944,,0445-314334,,,,,,,,,,R6FAD,06225,TENCAROLA,62891,,,05728,AG. CARRE',88340,1922/05,,,,,CLIE,,,,0,,,,,,,,,,deasystem@deasystem.com,,I,,N,N,N,,,,,N,N,N,19970826
1 26022978,ALBERGO MOTEL DEI LAGHI,,Via C. della Liberazione 2,21047,SARONNO,VA,,1 DEILAGHI,N,I,N,S,S,02106180124,02106180124,,,,02-96752121/38/45/29,,02-96752122,,,,,,,,,,F3,,,,,,,,,,,,,,CCO0,,,,0,,,,,,,,,,,,I,,N,N,N,,,,,N,N,N,19970728
1 26031037,-RUFOLO EGIDIO--NON USARE---,Rappresentanze,Via A.Berlinguer 12,40024,CASTEL SAN PIETRO TERME,BO,,1 AG/37,S,I,S,S,S,RFLGDE48D01D390A,00372701201,,,,051/942153,,051/944425,,,,,,,,,,BB3F,06385,Castel S.Pietro,36750,,,06385,Castel S.Pietro,36750,7151/0,,,,,5000,5006,,,0,,,,,,,,,,,,I,,S,N,S,,,,,N,N,N,
1 26022830,TRIDELLO PROMOZIONI SAS di,Tridello Francesco & C.,"Via Bolzani, 114 A/6",35020,MASERA',PD,,1 TRIDELLO,N,I,N,S,S,02553870284,02553870284,,,,049/8862880-1,,049/8862899,,,,,,,,,,R6FAD,06225,TENCAROLA,62891,,,03069,AG.PD Piazzale S.Croce,12142,47200.14,,,,,CCO0,,,,0,,,,,,,,,,,,I,,N,N,N,,,,,N,N,N,19960910
1 26023418,COVARELLI DEPOSITI  S.R.L.,,CORSP PIEMONTE 19,10099,SAN MAURO TORINESE,TO,,1 COVARELL,N,I,N,S,S,00964730014,04991160013,,,,0112234211,,0112732232 27330362,,,,,,,,,,BB6F,,,,,,06070,S. MAURO,30940,675/1,,,,,CCO0,,,,0,,,,,,,,,,egcov@tin.it,,I,,N,N,N,,,,,N,N,N,20000420
1 26023414,PROGETTO STAMPI S.R.L.,,VIA FELTRINA CENTRO 85/8,31030,BIADENE DI MONTEBELLUNA,TV,,1 STAMPI,N,I,N,S,S,,03380240261,,,,0423615383,,0423615383,,,,,,,,,,R6FAD,06225,,,,,05418,BIADENE,61822,267958,,,,,ASL4,,,,0,,,,,,,,,,prstampi@tin.it,,I,,N,N,N,,,,,N,N,N,20000417
1 26023274,-CONSORZIO CARDINE,,Via Volturno 12\A,50019,SESTO FIORENTINO,FI,,1 CARDINE,N,I,N,S,S,01279070500,04897900488,,,,055340790,,055340792,,,,,,,,,,BB3F,,,,,,01030,Ag. Osmannoro,38104,5946/60,,,,,CAM0,,,,0,,,,,,,,,,,,I,,N,N,N,,,,,N,N,N,19990512
1 26023413,TECNOLOGIC 3  S.R.L.,,VIA G. PARINI 94/A,20064,GORGONZOLA,MI,,1 tecnolog,N,I,N,S,S,,08689020157,,,,029510014,,0295300685,,,,,,,,,,VF,,,,,,01025,CERNUSCO SUL NAVIGLIO,32810,1000000008269,CIN E,,WWW.TECNOLOGIC3.IT -,,BMS1,,,,0,,,,,,,,,,tecnologic3@tecnologic3.it,,I,,N,N,N,,,,,N,N,N,20000414
1 26022976,ROSLER ITALIANA SRL,,Via E. Vittorini 10-12,20049,CONCOREZZO,MI,,1 ROSLER,N,I,N,S,S,,09867960156,,,,039 611521,,0396115232,,,,,,,,,,R62FAD,06225,TENCAROLA,62891,,,03512,AG.GIUSSANO,33150,8024/4,,,- www.anima-it.com/rotofinish-rosler,,BMN1,,,,0,,,,,,,,,,E-mail: roesleri@tin.it,,I,,N,N,N,,,,,N,N,N,19970716
1 26022974,REPO srl,,Via Zucchetto da Legnago 3,37048,S.PIETRO DI LEGNAGO,VR,,1 REPO,N,I,N,S,S,,02592760231,,,,044220395,,044227560,,,,,,,,,,R6FAD,01030,Ag. 328 Brusegana,12125,,,,,,,,,,,AMP3,,,,0,,,,,,,,,,,,I,,N,N,N,,,,,N,N,N,19970715
1 26023885,LEVIO LORIS,Smaltimento rifiuti industrial,"Via Leonardo da Vinci, 325",45021,BADIA POLESINE,RO,,1 LEVIO,N,I,N,S,S,,00888880283,,,,049 9490210,,049 9490216,LEVIO LORIS,,"Via Regina Elena, 32",35010,VIGONZA,PD,,,,R6FAD,06225,TENCAROLA,62891,,,08590,AG. GRANTORTO,89090,000020001043,Y0859089090000020001043,,,,BMN0,,,,0,,,,,,,,,,,,I,,N,N,N,,,,,N,N,N,20031124
1 26031032,GOVERNATO GIACOMO,,Via Bari 3/12,16127,GENOVA,GE,,1 AG/32,S,I,S,S,S,GVRGCM42T08D969G,00796230100,,,,010/252265,,010/252265,,,,,,,,,,BB3F,,,,,,01025,AG.1 Genova Via Cantore 44,1401,101521,,,,,CCO0,5006,,,0,,,,,,,,,,,,I,,S,N,S,,,,,N,N,N,
1 26023741,MUNDIAL AGENCIES LTD.,12 B.K. Matsis Ave.,P.O. BOX 1683,,NICOSIA (Cyprus),,.,1 MUNDIAL,N,E,N,N,N,,,,,,00357-22-318498,,00357-22-318009,,,,,,,,,,BB3F,,,,,,BCL,0174-NICOSIA P.O.BOX 21472,,0174-11-06786,SWIFT BCYPCY2N010,,EX 26021013 - GEORGHALLIS BROS LTD.,,,,,,0,,,,,,,,,,,,I,,N,N,N,,,,,N,N,N,20040528
1 26031026,AGENDA  SAS,di Bonaldo E. & Zanollo A.,Via Distrettuale 96,31025,S.LUCIA DI PIAVE TV,TV,,1 AGENDA,N,I,S,S,S,02068190269,02068190269,,,,0438/460181,,0424/27977,,,,,,,,,,BB3RA,06035,Conegliano,61620,,,08904,Conegliano,61620,9236/0,,,,,CCO0,5006,,,0,,,,,,,,,,,,I,,S,N,S,,,,,N,N,N,
1 26023895,AUTOTRASPORTI SALTI SNC,di Salti Dario & C.,"Via Buffalora, 104",25129,BRESCIA,BS,,1 SALTI,N,I,N,S,S,,01726490178,,,,0365 896840,,0365 896234,,,,,,,,,,BB3,,,,,,03069,VOBARNO,55450,000005741134,E0306955450000005741134,,,,,,,,0,,,,,,,,,,,,I,,N,N,N,,,,,N,N,N,20031229
1 26023408,CIBIC ALDO,,VIA ROMA 4,36057,ARCUGNANO,VI,,1 ROYAL/32,S,I,N,S,S,CBCLDA55R06I531Q,02852800248,,,,,,,,,,,,,,,,BB3RA,,,,,,01015,ag.3 Milano,01603,000000007830,,,,,CCO0,,,,0,,,,,,,,,,,,I,,S,N,N,A,,,,N,N,N,20000404
1 26021940,EDISON D.G.  SPA,,Via Pelosa 20,35030,SELVAZZANO DENTRO,PD,,1 GAS,N,I,N,S,S,00120900295,01786190288,,,,0498739444,,0498739449,,,,,,,,,,GAS,06225,Tencarola,62891,,,06225,Tencarola,62891,486345/.,,,D.I. N.2 del 04.01.99,,CPR0,,,,0,,Geom PIRAN - 0498739405,,,,,,,,,,I,,N,N,N,,,,,N,N,N,20010309
1 26024315,ZINCOL ITALIA SPA,Divisione verniciatura,"VIA CLAUZETTO, 22",,SAN VITO AL TAGLIAMENTO,PN,,1 ZINCOL,N,I,N,S,S,,,,,,043485400,,,,,,,,,,,,,,,,,,,,,,,,,,,,,,0,,,,,,,,,,,,I,,N,N,N,,,,,N,N,N,20090728
1 26021751,DAN di DE ANTONI SRL,COSTRUZIONI ELETTROMECCANICHE,Localita' Buonvicino S.S. 11,25030,COCCAGLIO,BS,,1 DEANTONI,N,I,N,S,S,00604110171,00572430981,,,,030/7721850-7722477,,030/7240612,,,,,,,,,,R6FAD,06225,TENCAROLA,62891,,,02002,Chiari,54340,061902090137,,,,,BMN1,,,,0,,,,,,,,,,,,I,,N,N,N,,,,,N,N,N,20010419
1 26023731,TECNOSISTEM S.R.L.,,VIA ANTONIO DA LEGNAGO 9/A,37033,MONTORIO,VR,,1 TECNOSIS,N,I,N,S,S,,02312740232,,,,0458868124,,0458869210,,,,,,,,,,R6FAD,06225,TENCAROLA,62891,,,,,,,,,,,CCO0,,,,0,,,,,,,,,,info@fuxia.com,,I,,N,N,N,,,,,N,N,N,20020716
1 26021290,BORGA MECCANICA  SNC,dei F.lli Borga & C.,Via dell'Artigianato 10,31040,FOSSALTA MAGGIORE DI CHIARANO,TV,,1 BORGA,N,I,N,S,S,01536900267,01536900267,,,,0422806079,,0422806724,,,,,,,,,,R9F,06225,TENCAROLA,62891,,,06035,Chiarano,61600,04105524,,,,,BMN0,,,,0,,,,,,,,,,**,,I,,N,N,N,,,,,N,N,N,20010912
1 26023718,GRANT THORNTON VALUTAZIONI SRL,,VIA BORGONUOVO 5,20121,MILANO,MI,,1 GRANT,N,I,N,S,S,,12550600154,,,,0289096291-8,,0280509230,DANZAS SPA,,Crso Stati Uniti 18,35020,CAMIN,PD,,,,R3FAD,06225,TENCAROLA,62891,,,05584,AG.500,01700,21533,,,,,CAM0,,,,0,,,,,,,,,,,,I,,N,N,N,,,,,N,N,N,20020528
1 26020996,TNT Global Express S.p.A.,,CORSO LOMBARDIA 63,10099,SAN MAURO T.SE,TO,,1 TRACO,N,I,N,S,S,01273040129,09399880153,,,,0112226902,,0112226904,,,C.so Romania 630,10156,TORINO,TO,,,,R3FAD,06225,TENCAROLA,62891,,,02008,Ag.15 Torino,01015,58915,,,Var.P.I.+C.F. l'1/01/99 perch la TNT TRACO assorb.da TNT GL,Express (SEDE LEG.:VIA E.FILIBERTO 7 - 20149 MILANO),CPR0,,,,0,,,,,,,,,,**,,I,,N,N,N,,,,,N,N,N,20010309
1 26022891,LA TORRE Hotel-Ristorante,di Elisa Babetto & c.,Piazza Capitello 27,35038,TORREGLIA,PD,,1 LATORRE,N,I,N,S,S,,02269190282,,,,0499930111,,0499930033,,,,,,,,,,BB3F,,,,,,08590,AG. TORREGLIA,63080,000002803920,,,,,CCO0,,,,0,,,,,,,,,,,,I,,N,N,N,,,,,N,N,N,19970207
1 26022881,RITA DE ANGELIS,,VIA GIANNONE 3,20154,MILANO,MI,,1 DEANGELI,S,I,N,S,S,DNGRTI49A48Z600B,,,,,02344002,,02344002,,,,,,,,,,BB3RA,,,,,,03400,Sede di Milano,01600,30310/59,,,,,CCO0,,,,0,,,,,,,,,,,,I,,S,N,N,A,,,,N,N,N,19970116
1 26023522,TIPOGRAFIA NUOVA JOLLY,DI BASTIANELLO IVANO,VIALE DELL'INDUSTRIA 28,35030,RUBANO,PD,,1 NUOVAJOL,N,I,N,S,S,BSTVNI52C02H625N,01059840288,,,,0498977030,,idem,,,,,,,,,,VF,,,,,,06225,Ag. Rubano,62796,4000418/E,,,,,CCO0,,,,0,,,,,,,,,,,,I,,N,N,N,,,,,N,N,N,20010117
1 26023521,M.P.E. ELETTRONICA S.N.C.,DI MANERA EGIDIO & C.,VIA ZANGANILI 51/B,35017,PIOMBINO DESE,PD,,1 MPEELETT,N,I,N,S,S,,02005910282,,,,0499365146,,0499368266,,,,,,,,,,R9FAD,01030,BRUSEGANA,12125,,,,,,,,,,,AMP3,,,,0,,,,,,,,,,mpe@mpe-elettronica.it,,I,,N,N,N,,,,,N,N,N,20010116
1 26023880,2 ZETA SNC,di Zattarin Ferdinando e Giann,"Via 1 Maggio, 4",35030,BASTIA DI ROVOLON,PD,,1 2 ZETA,N,I,N,S,S,,02254890284,,,,049 9910723,,049 9910430,,,,,,,,,,R62FAD,01030,BRUSEGANA,12125,,,,,,,,,,,BMN0,,,,0,,,,,,,,,,,,I,,N,N,N,,,,,N,N,N,20031112
1 26024129,IARP SRL,,VIA A. GRANDI 43 Z.I.,15033,CASALE MONFERRATO,AL,,,N,I,N,S,S,01997220064,01997220064,,,,0142 436111,,0142 781540,,,,,,,,,,BB12F,,,,,,06085,CASALE MONFERRATO,22600,000000020700,CIN = G,,,,,,,,0,,,,,,,,,,,,I,,N,N,N,,,,,N,N,N,20070302
1 26022907,LEFARTH GMBH,,Postfach 200155,51496,ROSRATH - DE,,DE,1 LEFARTH,N,E,S,S,S,,,,,,,,,,,,,,,,DEM,,BB3F,,,,,,,,,,,,,,CCO0,,,,0,,,,,,,,,,,,I,,N,N,N,,,,,N,N,N,19970310
1 26023602,ANFIA SERVICE S.R.L.,,"Corso Galileo Ferraris, 61",10128,TORINO,TO,,1 ANFIA,N,I,N,S,S,,07064230019,,,,011545160-545057-27,,011545464,,,,,,,,,,VF,,,,,,,,,,,,,,CCO0,,,,0,,,,,,,,,,,,I,,N,N,N,,,,,N,N,N,20010525
1 26023525,STEEL S.P.A.,,VIA LAZIO 1,31045,MOTTA DI LIVENZA,TV,,1 STEEL,N,I,N,S,S,,03582130260,,,,0422861730,,0422861770,,,,,,,,,,R9FAD,08728,AG. SELVAZZANO DENTRO,62890,,,,,,,,,,,AMP4,,,,0,,,,,,,,,,steelspa@libero.it,,I,,N,N,N,,,,,N,N,N,20010125
1 26023524,GEIMUPLAST KUNSTSTOFFTECHNIK,GMBH,PARTENKIRCHNER STR.50,,D82490 FARCHANT,,DE,1 geimupla,N,E,S,S,S,,DE197087851,ZZ,,,088216850,,08821685100,,,,,,,,DEM,,VF,,,,,,GEIMUP,BLZ 703 800 06,,701 605 000,,,,,AMP3,,,,0,,,,,,,,,,sales@geimuplast.de,,I,,N,N,N,,,,,N,N,N,20010118
1 26024046,VELOX ITALIA SRL,,"Via B.Luini,2",21100,VARESE,VA,,1 VELOX,N,I,N,S,S,02483390122,02483390122,,,,0332-238744,,0332-238752,,,,,,,,,,R6F,06225,TENCAROLA,62891,,,,,,,,,,,,,,,0,,,,,,,,,PF,,,I,,N,N,N,,,,,N,N,N,20060327
1 26024137,MERCANTILE LEASING SPA,GRUPPO BANCA ITALEASE,PIAZZA DELLA LIBERTA' 13,50129,FIRENZE,FI,,1 MERCANTI,N,I,N,S,S,94004630482,01836820488,,,,055 56701,,055 5670250,,,,,,,,,,BB3,06225,TENCAROLA,62891,,,,,,,,,Filiale di Padova - Piazza Insurrezione 10 - 35129 PADOVA,Tel. 049 8245681 - Fax 049 8245689,,,,,0,,,,,,,,,,,,I,,N,N,N,,,,,N,N,N,20070405
